2898 4518
156 255 199 322 42

157 427 227 492 dem
251 425 329 493 flexa
351 431 382 492 et
405 432 503 508 acuta
526 429 672 534 quauiaua
694 432 743 493 est
758 428 791 494 iu
814 425 893 494 llexa
904 434 937 494 et
953 433 1056 512 acuta3
1078 430 1184 513 itaque
1205 447 1283 496 neu·

156 551 205 613 tra
227 546 334 612 eludat
351 551 456 612 vacem
476 547 632 614 latinam.“
678 545 753 620 (lad.
775 547 801 611 Β
824 547 964 615 exhibet:
989 551 1060 631 „qui
1083 551 1134 614 ine
1155 549 1283 627 edam“;

158 665 251 749 „quin
274 665 373 749 (quia,
395 666 469 748 quia
491 667 536 749 in)
559 666 687 765 eadem“
718 665 840 732 codices
868 666 1039 733 deteriores
1061 669 1226 749 praebeut;
1255 670 1283 735 Α
1344 661 1353 672 ’

158 784 235 849 MS
271 785 420 850 omittunt
449 786 776 868 „quoniam-acuta.“
812 785 939 874 luigo:
976 788 1140 868 „quoniam
1174 788 1283 854 eadem

156 902 235 968 flexa
251 911 284 968 et
300 905 419 982 acuta“;
442 904 642 986 Spaldiugius
660 903 804 969 coniecit:
825 904 989 986 „quonium
1001 903 1083 972 flexa
1096 910 1145 971 est
1161 909 1284 984 aaurta“,

155 1022 221 1088 vel:
244 1021 410 1106 „quoniam
434 1023 466 1088 in
488 1021 627 1098 flexaest
642 1013 998 1102 aauta“,'Geruhardus:
1023 1025 1187 1106 „quoniam
1203 1022 1285 1090 flexa

156 1141 264 1206 eadem
288 1147 320 1206 et
348 1148 438 1206 acuta
466 1144 543 1207 est“.
587 1141 650 1211 Sed
674 1141 844 1207 clausseno
870 1149 904 1207 et
931 1140 1089 1208 Schaellio
1116 1143 1284 1223 assentior,

156 1261 210 1342 qui
233 1261 310 1325 lraea
331 1260 427 1325 verba
457 1261 530 1343 „qui
552 1261 589 1325 iu·
606 1260 715 1324 eadem
736 1259 816 1326 llere
838 1266 869 1326 et
892 1265 1001 1326 aaurta‘
1014 1231 1106 1326 'nihil
1129 1279 1198 1327 esee
1220 1262 1284 1327 nisi

84 1423 88 1430 -
155 1377 400 1460 dittographiam
429 1385 515 1454 reate
543 1380 808 1460 perspexerunv).

241 1497 299 1577 VI,
323 1500 356 1575 2,
379 1498 398 1560 2
424 1497 523 1578 „Nam
546 1505 577 1562 et
599 1515 656 1579 per
678 1502 793 1574 totam,
816 1503 851 1563 ul
873 1498 1021 1576 diximus,
1048 1515 1172 1566 causam
1195 1498 1283 1565 locus

156 1620 204 1682 est
225 1614 414 1695 adfectibus,
444 1621 483 1688 et
498 1603 605 1680 eo'ruru
629 1635 691 1682 non
704 1603 849 1696 ‘simplex
876 1603 987 1683 natura
1013 1617 1126 1682 necin
1148 1618 1281 1684 transitu

155 1735 329 1813 tractanda,
362 1734 508 1815 quoniam
538 1733 616 1798 nihil
644 1733 768 1800 adferre
796 1735 897 1800 maius
925 1735 977 1816 vis
1006 1735 1117 1801 arandi
1144 1737 1279 1818 potest.l

155 1853 224 1918 llaa
246 1853 312 1919 loeo
334 1826 458 1918 codices
482 1850 574 1916 AGM
597 1853 749 1932 praebent
772 1854 884 1936 „qu0“,
907 1852 942 1918 S:
967 1853 1099 1937 „qu0d“.

243 1970 350 2052 „Quo“
371 1977 478 2035 autem
501 1970 576 2035 leni
598 1987 660 2033 uon
683 1977 797 2051 potest,
819 1989 889 2036 cum
911 1970 1028 2037 frustra
1047 1977 1223 2054 quaeratur,
1240 1972 1280 2037 ad

154 2089 238 2171 quad
260 2089 389 2155 verbum
412 2088 574 2171 respiciat;
604 2087 726 2171 „quod“
750 2089 781 2153 in
817 2089 882 2153 cod.
907 2089 928 2154 S
956 2091 1150 2156 coniecturae
1178 2090 1281 2156 tribu·

155 2207 271 2272 endum
295 2214 351 2273 est.
396 2209 506 2290 ltaque
528 2206 653 2288 Halmio
676 2205 862 2288 adstipular,
884 2211 952 2292 qui,
975 2210 1059 2290 quod
1081 2207 1281 2292 Spaldiugius

155 2325 297 2401 coniecit,
322 2327 506 2409 „quoniam“
531 2328 563 2391 lu
592 2331 709 2390 textum
735 2315 864 2406 ¹recepit.
909 2327 988 2392 Nam
1012 2347 1068 2409 pro
1093 2329 1278 2411 „quonlam“

153 2444 274 2510 librarii
298 2463 392 2526 saepe
414 2411 600 2526 eompeadia
627 2452 726 2530 ,,(]ιι(’)ιι
750 2444 929 2513 utebantur.
1005 2415 1015 2436 ⁰

239 2564 267 2627 2.
313 2564 360 2628 De
389 2563 550 2636 modorum
579 2571 652 2647 past
676 2565 861 2648 „quoniam“
887 2583 946 2630 usu
974 2564 1053 2629 nihil
1074 2563 1139 2628 lere
1168 2564 1281 2641 habeo,

49 2741 56 2750 .
153 2682 235 2764 quad
258 2680 381 2761 addam,
404 2699 473 2746 aum
497 2682 709 2759 Quintilianus
733 2684 773 2751 ab
791 2684 924 2750 aliarum
947 2684 1134 2765 scriptarum
1157 2681 1281 2749 dicendi

77 2879 80 2886 .
155 2800 453 2867 cousuetudiueuon
471 2801 635 2884 discrepet
664 2802 887 2868 -Indtcativum
907 2779 1090 2883 „quoniaml‘
1110 2799 1282 2883 particulae

154 2920 259 2985 tricies
281 2901 559 3001 octies'adiuuxil,
582 2921 638 2987 sed
660 2920 783 2986 duobus
805 2925 926 2986 ustum
949 2919 1026 2986 loeis
1048 2920 1076 2985 is
1098 2920 1208 2987 modus
1230 2919 1280 2984 ol·
1314 2925 1321 2936 '

153 3036 304 3105 laesionis
327 3037 446 3122 aliquid
466 3039 571 3106 habet.
650 3109 662 3132 ,

238 3156 295 3234 ΙΙΙ,
317 3159 347 3235 6,
370 3161 407 3222 51
434 3158 522 3239 „lloa
545 3157 688 3224 ultimum
718 3157 851 3225 maxime
872 3158 905 3224 iu
935 3143 1144 3238 eompaiaavo
1166 3173 1281 3240 genere

49 3345 56 3360 ,
153 3275 274 3342 versari
296 3281 399 3356 putat,
420 3275 566 3359 quapiam
590 3277 701 3342 melius
724 3297 759 3343 aa
782 3279 886 3360 peius,
915 3278 1015 3344 maius
1038 3283 1071 3342 et
1093 3276 1195 3342 miuus
1217 3274 1278 3342 nisi

153 3395 215 3460 alio
237 3395 340 3461 relata
362 3413 425 3459 uon
448 3394 704 3477 intelleguntur.“

238 3511 290 3592 ΧΙ,
313 3514 343 3590 2,
367 3515 385 3578 9
409 3512 621 3595 „Quamquam
639 3514 861 3595 invenioapud
880 3514 1052 3593 Platonem,
1074 3511 1201 3578 obstare
1219 3529 1282 3577 me·

153 3615 277 3696 moriae
292 3650 383 3696 usum
405 3631 601 3716 litterarum„
621 3632 765 3698 videlieet
785 3602 932 3715 quonlam
955 3633 1025 3711 illa,
1053 3649 1135 3715 quae
1157 3631 1281 3714 scriptia

153 3749 365 3831 reposuimus,
393 3749 478 3814 velut
507 3751 664 3816 custodire
691 3751 865 3818 desinimus
887 3751 1011 3834 etipsa
1039 3751 1206 3818 securitate
1230 3749 1281 3815 di·

153 3867 334 3933 mittimus.“

221 4035 241 4101 ¹)
260 4032 293 4088 ci.
312 4034 409 4090 Annal.
427 4033 495 4105 phil.
512 4033 601 4105 suppl.
619 4034 658 4090 VI
674 4050 702 4105 p.
721 4035 772 4090 326
790 4049 847 4106 sqq.
865 4039 891 4092 at
909 4019 1031 4092 Sehbella
1049 4033 1083 4092 da
1101 4039 1281 4092 acceptaret.

152 4134 261 4188 mmm.
280 4133 370 4190 praee.
388 4133 414 4187 p.
434 4119 494 4172 102.
618 4131 628 4144 ·
1194 4141 1203 4154 ·
