2898 4518
164 221 210 297 ⁴26

253 391 346 482 „0t“
353 401 377 481 ¹)
394 401 435 477 ΙΙ,
461 405 486 479 1,
509 401 551 466 80
572 399 673 480 ,Quin
687 393 792 468 'ettam
809 393 963 466 Phalerea
976 399 1069 464 ‘illum
1083 393 1291 481 Demetrium,

167 539 352 604 quamquam
373 521 401 587 is
422 521 543 603 primus
570 521 739 586 inclinasse
765 520 973 603 eloquentiam
998 518 1127 598 dicitur,
1159 520 1292 585 multum

168 639 283 722 Ingenii
305 640 454 706 habuisse
476 643 507 703 et
528 638 689 705 facundiae
709 639 818 718 fateor,
840 640 890 705 uel
911 641 952 704 ob
974 641 1035 706 hoe
1070 640 1221 705 memoria
1243 639 1291 703 di·

164 769 273 840 ¹gnum,
284 756 508 839 quod'ultimus
525 763 575 823 est
585 757 648 822 lere
660 777 698 824 ex
710 760 829 836 Atticis,
841 759 894 840 qui
907 759 966 823 dici
977 759 1079 840 possit
1089 760 1213 822 orator“
1228 805 1235 821 .
1249 806 1276 824 ..
1295 816 1297 822 ,

172 901 175 906 ¹
256 875 381 956 ,Per“:
408 874 454 952 11,
480 877 531 952 17,
555 875 596 941 30
622 877 685 956 „ita
705 878 757 942 vel
779 896 836 958 per
857 878 917 942 hoc
939 896 1001 944 non
1024 881 1093 942 es'se
1116 881 1215 941 amem
1238 876 1292 956 (sc

168 994 373 1073 rhetoricen),
396 994 477 1076 quod
500 1013 562 1060 non
592 995 725 1062 dicenda
750 998 934 1078 praecipiat,
956 997 1005 1061 uel
1027 1012 1084 1076 per
1105 996 1177 1074 hoc,
1198 994 1295 1076 quod,

169 1129 240 1178 cum
262 1111 393 1205 dicende
414 1116 618 1195 praeceperit,
640 1117 735 1180 etium
757 1118 913 1182 contrariu
934 1115 985 1179 his
1007 1114 1144 1180 doceat.“

257 1230 469 1312 ,Praetcr“:
492 1232 548 1311 ΙΙΙ,
573 1235 603 1313 8,
625 1235 666 1297 40
691 1233 788 1312 ,Nam
810 1237 935 1314 praeter
955 1233 997 1309 id,
1020 1231 1103 1313 quod
1126 1231 1176 1295 hle
1199 1231 1294 1296 levis·

169 1351 241 1416 simi
263 1351 411 1433 cuiusque
433 1351 556 1440 enimus
578 1351 721 1416 facillime
742 1356 888 1428 terretur,
910 1353 1015 1417 nescio
1037 1351 1095 1414 an“

255 1469 293 1549 V,
320 1471 366 1548 tu,
389 1471 444 1545 453
467 1469 504 1549 X,
533 1469 635 1547 1,28;
659 1473 687 1547 2,
711 1472 766 1546 26;
789 1471 819 1548 3,
841 1472 935 1533 6.-
1046 1511 1048 1516 -

257 1587 551 1669 „Praeterquam
573 1588 694 1670 quod“
719 1606 781 1651 non
802 1587 967 1653 Invenitur.

257 1705 479 1785 ,Propter“:
508 1705 551 1784 11,
574 1709 607 1784 i,
633 1710 671 1773 10
696 1724 838 1786 ,-quae
866 1725 928 1771 non
955 1705 1126 1772 laudantur
1155 1705 1247 1771 modo
1275 1722 1295 1769 a

169 1824 335 1906 plerisque,
359 1823 425 1904 sed,
446 1823 530 1905 quod
553 1830 601 1890 est
622 1823 726 1905 peius,
750 1828 878 1905 propter
899 1824 957 1889 hoo
979 1825 1091 1903 ipsum,
1113 1822 1198 1903 quod
1220 1828 1295 1889 sunt

168 1959 273 2022 prava,
295 1940 489 2007 laudantur.“

253 2059 294 2160 ΙΙ,
320 2060 366 2140 12,
390 2063 425 2137 6;
448 2058 502 2139 ΙΙΙ,
525 2061 553 2135 8,
570 2059 626 2137 44;
650 2059 1023 2137 VLProocm.15etl6;
1049 2058 1132 2138 VIII,
1150 2060 1293 2124 Prooem.

171 2180 228 2259 233
251 2175 317 2257 XII,
340 2180 369 2259 9,
393 2176 421 2243 6‘.
445 2175 483 2224 -’-

253 2301 286 2380 β)
333 2295 420 2376 ,Nisi
442 2295 564 2378 quod“;
586 2302 726 2375 „tantum
749 2295 867 2377 quod“;
889 2300 1034 2376 „excepto
1057 2295 1168 2377 quod“.

254 2414 359 2495 „Nisi
381 2414 500 2496 quod“
526 2413 609 2496 apud
632 2385 857 2491 Quintilianum
882 2420 930 2480 ter
957 2414 1061 2479 decim
1081 2413 1220 2492 ‘legimus
1241 2412 1291 2478 in-

167 2552 227 2618 que
249 2537 322 2615 post
341 2533 525 2599 sententiam
549 2530 732 2598 affirmative
753 2549 929 2613 expressum
948 2531 1059 2613 sexies,
1082 2533 1199 2614 septies
1221 2537 1293 2613 post

168 2653 376 2732 enuntiatum,
403 2651 436 2716 in
458 2668 519 2732 quo
543 2652 698 2716 sententia
729 2650 812 2716 inest
839 2653 989 2734 negative.
1035 2651 1082 2716 De
1110 2651 1141 2715 vi
1168 2669 1206 2714 ae
1234 2670 1292 2731 po·

82 2783 113 2852 0
167 2774 282 2836 testate
304 2770 397 2835 huius
420 2769 566 2834 dictionis
587 2774 673 2834 recte
702 2769 852 2836 disseruit
874 2769 1001 2834 Wexins
1025 2770 1063 2834 ud
1086 2769 1157 2832 Tac.
1188 2769 1296 2848 Agrios

168 2886 224 2954 VI:
254 2888 343 2968 „Nisi
372 2888 474 2968 quod“
500 2887 608 2952 dicunt
636 2888 755 2965 Latini,
784 2905 854 2953 cum
888 2886 1026 2954 limitent
1059 2887 1291 2967 pronuntiatam

167 3007 302 3088 aliquam
330 3005 534 3085 sententium,
553 3005 607 3072 'ita
628 3012 665 3073 nt
685 3004 768 3088 quod
797 3005 944 3071 universe
966 3013 999 3070 et
1026 3005 1170 3072 absolute
1193 3023 1292 3070 enun-

167 3125 278 3192 tiatum
301 3130 360 3205 est,
382 3117 596 3206 exceptionem
614 3124 750 3207 aliquam
762 3125 880 3190 habero
895 3131 927 3190 et
944 3125 1141 3207 aliquatenus
1163 3125 1293 3191 restrin-

167 3244 304 3324 gendum
327 3261 395 3309 esse
418 3243 583 3308 adiciant“
625 3241 684 3307 Sic.
708 3244 761 3324 ΙΙΙ,
784 3249 813 3322 2,
835 3246 891 3309 59:
914 3243 995 3323 „Sed
1013 3247 1193 3308 nostrorum
1215 3259 1290 3324 que
1376 3249 1381 3260 '

167 3378 229 3443 que
251 3361 405 3427 dictorum
428 3360 641 3441 laetorumque
663 3360 774 3428 similis
797 3361 930 3427 Imitatio
953 3367 1003 3426 est
1021 3380 1078 3443 per
1097 3361 1292 3437 relatIonem,

167 3480 230 3545 nisi
262 3479 344 3561 quod
372 3477 568 3560 frequentius
600 3478 764 3545 adseverat
789 3497 882 3561 quum
911 3478 1022 3544 eludit:
1051 3478 1210 3558 „dicebam
1233 3478 1291 3544 ha-

169 3598 243 3662 bere
266 3615 320 3663 eos
349 3603 485 3663 notorem
509 3596 544 3674 Q.
567 3596 763 3663 Caecilium.“
807 3597 978 3692 linuntiato
1008 3616 1065 3678 per
1087 3598 1168 3676 „nisi
1188 3597 1291 3680 quod“

237 3832 260 3898 ι)
277 3805 424 3886 Enuntiutc
447 3829 616 3897 secundario,
634 3847 703 3900 quae
725 3805 847 3901 spectent
864 3831 900 3887 uti
924 3830 1082 3886 correlative
1098 3835 1160 3899 post
1178 3843 1291 3898 proepo-

168 3915 280 3971 sitiones
299 3917 368 3984 ,ob“
387 3919 467 3985 „pcn·“
485 3919 626 3985 ,proptcr‘
645 3917 741 3984 positu,
751 3932 861 3975 cuneum
871 3917 968 3982 afferre
980 3913 1106 3981 concedo,
1124 3921 1292 3984 tennemonn

168 4000 335 4141 :3¹3¹ssde
352 3998 541 4125 cumulatiuum
559 3999 700 4080 explicent,
717 4002 770 4115 hoc
787 4002 847 4114 loco
866 4012 1052 4108 commemoro,
1071 4014 1105 4116 ne
1124 4000 1184 4070 quis
1198 4014 1231 4055 eu
1249 3999 1294 4056 (Ιο-
