2898 4518
55 3571 66 3587 ,
183 3512 262 3578 tiro·

169 233 289 335 ,ω’

179 439 346 504 nestiora.“
391 436 529 504 Offendit
551 399 694 504 Halmius
716 438 749 503 in
777 419 971 504 coniunctius
996 439 1096 520 ,‚aint“
1124 441 1195 517 post
1217 453 1304 514 „eum
1436 489 1437 506 ,

180 576 217 624 eo
240 557 342 640 qu0d“
364 559 502 639 positum
523 567 556 624 et
577 557 718 624 adnotat:
741 559 854 638 „immo
871 560 962 623 sunr‘
1018 557 1089 623 Mea
1106 545 1210 622 auteui
1233 549 1304 621 sen'·

180 677 279 744 tentia
299 694 393 743 eausa
419 678 561 743 mutandi
583 679 708 744 omnine
736 696 797 742 non
824 684 887 756 est,
914 677 1060 759 quoniam
1083 677 1305 753 eouinnetivus

175 813 271 879 quem
295 795 417 861 codices
439 801 574 875 tuentur,
597 796 777 878 potentialis
807 797 896 875 (‚,nnit
919 797 974 864 der
995 797 1306 878 Bertcksichtignng,

177 915 253 981 dass
275 914 331 980 das
354 915 548 999 instandige
563 903 650 982 anch
670 915 804 982 'sehtner
826 917 892 980 sein
917 915 1051 997 denter)
1074 916 1163 981 laeila
1186 915 1326 980 intelle·

180 1034 274 1118 giam

266 1153 295 1237 6)
338 1153 362 1233 1,
385 1155 456 1234 Μ
485 1152 647 1253 mederum
670 1153 801 1218 muutio
823 1154 993 1219 invenitur:
1027 1154 1089 1232 „Hi
1113 1152 1190 1218 dnas
1213 1171 1305 1234 prae·

180 1271 271 1353 cipue
292 1271 431 1338 rationes
454 1271 541 1354 sequi
564 1269 724 1336 videntur:
748 1273 934 1354 unamquad
958 1272 1096 1337 moribus
1115 1273 1212 1351 magis
1235 1269 1331 1336 eon-⁹

181 1388 301 1469 sulant,
323 1388 469 1472 fugiendo
497 1391 621 1455 urbam
649 1390 812 1454 hominum
840 1392 909 1456 eius
936 1357 1063 1468 aetatis,
1091 1409 1170 1472 quae
1198 1392 1241 1455 sit
1267 1393 1307 1456 ad

180 1506 256 1573 vitia
279 1507 413 1606 manime
435 1526 546 1589 prona,
569 1508 653 1572 unde
676 1526 785 1574 causas
807 1513 945 1590 turpium
969 1511 1120 1575 laetorum
1141 1526 1235 1590 saepe
1257 1529 1308 1574 ex-

181 1625 285 1693 titisse
299 1628 426 1692 utinam
449 1625 721 1692 lalsoiactaretur:
744 1627 884 1708 alteram,
906 1629 999 1711 quod,
1024 1628 1166 1711 quisquis
1183 1626 1308 1693 iuturus
1440 1634 1441 1654 ³

173 1750 231 1811 est
251 1745 306 1811 ille
328 1750 521 1828 praeceptor,
544 1745 708 1810 liberalius
732 1751 873 1828 tempora
896 1766 952 1812 sna
973 1747 1171 1828 impensurus
1185 1747 1239 1810 uni
1263 1749 1309 1811 vi-

181 1863 274 1930 detur
296 1883 389 1947 quam
411 1864 438 1930 si
461 1863 570 1928 eadem
592 1862 737 1944 inpleris
761 1865 940 1945 partiatur.“
974 1865 1009 1929 ln
1031 1867 1132 1946 primo
1156 1865 1308 1930 enuntiati
1441 1940 1442 1970 ᾖ

113 2039 135 2064 ,,
181 1984 322 2048 membro
343 1983 569 2049 coniunctivum
592 1989 724 2064 usurpat
745 1982 966 2062 Quintilianus,
989 2001 1097 2048 enine
1120 1985 1308 2049 dissentien-

181 2102 260 2168 tium
282 2106 386 2166 mente
407 2101 500 2182 dieat,
521 2101 554 2166 in
575 2100 722 2180 seeundo,
745 2101 799 2166 nbi
816 2120 886 2166 euna
909 2101 1033 2167 illorum
1058 2103 1212 2167 sententia
1235 2119 1309 2166 eon-

181 2219 296 2300 sentit·
310 2221 512 2288 indieatirum
532 2219 678 2302 praesen.
922 2304 928 2318 ⁶
1128 2207 1138 2224 ’

266 2339 300 2423 d)
341 2341 418 2406 Post
438 2340 537 2407 verba
556 2338 758 2419 „aceusandi“
782 2336 965 2417 ,laudandi‘
989 2339 1103 2402 sinilia
1123 2344 1153 2404 et
1173 2346 1245 2418 post
1260 2357 1309 2416 aa,

180 2475 262 2541 quae
284 2457 379 2524 animi
401 2458 544 2524 affectum
567 2456 757 2540 significant,
785 2454 997 2532 Quintilianus
1027 2457 1211 2538 plerumque
1232 2473 1307 2520 eon-

182 2577 334 2644 iunctivos
357 2577 510 2654 adhibuit,
532 2577 585 2658 qui
607 2594 677 2641 eum
690 2595 727 2639 ex
750 2575 882 2640 alienius
905 2575 1052 2656 opinione
1075 2576 1308 2654 intellegantur,

182 2694 263 2758 nihil
295 2695 438 2761 inusitati
476 2694 601 2792 habent.
646 2671 853 2760 Indieativum
881 2694 1015 2775 leginnus
1036 2701 1148 2775 qnater
1170 2699 1307 2758 tantum:

183 2812 206 2892 1,
227 2815 260 2894 6,
282 2813 337 2891 22,
360 2813 413 2893 rx,
435 2815 465 2893 2,
488 2811 604 2895 aex,
628 2815 657 2893 4,
682 2815 736 2895 46,
758 2810 827 2890 4444,
854 2815 899 2893 444,
923 2795 1018 2876 44·

711 2979 797 3151 §3-¹

548 3265 558 3284 ·
650 3223 848 3302 Quoniam.

268 3391 460 3474 „Quoniam“
493 3389 679 3473 quadragies
713 3391 762 3456 bis
791 3391 947 3456 inuenitur
968 3390 1062 3471 idque
1090 3409 1160 3456 eum
1189 3389 1307 3456 indica·

267 3630 290 3708 1,
316 3633 342 3708 1,
366 3631 416 3710 64,
439 3629 495 3705 66,
519 3629 548 3708 4,
576 3633 607 3705 4,
630 3625 670 3705 44,
687 3627 716 3704 4,
737 3626 793 3703 24,
819 3625 917 3704 4422,
943 3630 990 3702 44,
1010 3631 1065 3702 62,
1091 3627 1146 3708 444,
1173 3633 1198 3706 4,
1224 3631 1256 3708 4,
1279 3631 1308 3707 6,

182 3750 238 3826 42,
262 3751 290 3826 6,
314 3727 443 3826 64,“4ο,
469 3751 502 3822 4,
528 3751 576 3826 44,
599 3749 654 3825 26,
682 3743 735 3822 lv,
761 3749 786 3823 1,
809 3744 866 3825 22,
888 3745 917 3823 2,
940 3745 996 3819 24,
1026 3744 1062 3822 v,
1086 3748 1114 3823 4,
1138 3749 1172 3828 2,
1204 3748 1251 3825 46,
1274 3750 1308 3822 6,

185 3871 233 3944 46,
256 3866 314 3948 aa,
344 3869 392 3946 11,
413 3867 456 3930 24
472 3837 640 3946 'suppleas
662 3857 777 3944 „astru
810 3862 856 3942 46,
879 3863 934 3941 26,
958 3862 1010 3942 vl,
1033 3866 1062 3941 2,
1086 3865 1122 3940 2,
1145 3865 1174 3944 6,
1196 3866 1255 3942 24;
1279 3869 1308 3943 a,

185 3989 218 4064 4,
239 3982 309 4064 vn,
332 3986 361 4064 4,
384 3987 419 4062 6,
442 3985 471 4064 4,
494 3985 550 4064 66,
572 3984 603 4062 6,
626 3984 661 4064 6,
683 3983 759 4061 6,6;
784 3980 870 4062 vnn,
893 3984 922 4061 a,
947 3984 1000 4060 46,
1022 3983 1051 4061 6,
1068 3984 1125 4063 44,
1147 3983 1176 4062 6,
1200 3985 1255 4062 66,
1278 3985 1308 4065 6,

96 4117 121 4142 ··
183 4089 290 4182 626,
313 4104 372 4186 62,
394 4101 448 4182 444,
472 4105 499 4181 4,
520 4102 555 4179 6,
582 4101 612 4182 4,
638 4103 722 4179 426,
740 4099 778 4181 x,
804 4108 830 4183 1,
853 4103 909 4178 64,
935 4107 961 4183 4,
983 4104 1039 4182 44,
1070 4105 1098 4180 6,
1123 4101 1179 4179 46,
1202 4100 1254 4182 xa
1277 4103 1308 4178 2,
1370 4091 1379 4107 ·
