2898 4518
1212 259 1253 331 ll

126 434 158 500 hi
182 433 254 502 loci-2
280 431 324 510 V,
345 431 445 510 ΜΒ
472 429 615 512 „ltaque
638 431 722 514 quod
744 430 776 494 in
800 449 837 497 eo
860 407 1012 496 incertum
1035 435 1098 509 est,
1127 449 1202 498 ostra
1223 437 1255 498 et

123 551 328 635 inquisitione
345 567 424 662 opus
442 552 517 614 est“
565 548 633 623 Vll,
660 554 685 626 l,
708 553 749 616 45
776 599 792 630 „
806 599 813 614 .
827 598 834 615 .
849 553 1048 668 excusatum
1069 565 1139 616 esse
1154 549 1253 617 rusti-

125 690 211 750 cum,
239 670 323 754 quod
353 687 414 734 non
444 668 623 734 interfuerit
649 667 764 736 iudicio
792 669 871 735 nihil
898 667 1077 736 conlaturus
1110 668 1212 750 patri..
1225 673 1251 732 .“

17 865 24 874 ¹
125 789 186 855 Hic
214 788 409 855 enuntiatum
438 807 456 854 a
481 786 602 869 „quod‘
635 786 775 868 pendens
803 787 1034 854 excusationem
1065 781 1128 854 non
1157 787 1254 868 affert,

112 891 219 991 'thaan
241 908 324 972 enim
347 907 430 972 inest
455 905 488 970 in
509 905 614 972 verbis
643 905 742 985 „nihil
768 905 951 973 conlaturus
973 905 1087 989 pauit)
1110 907 1167 976 sad
1184 925 1255 974 uer-

126 1028 255 1096 tendum
277 1031 338 1094 est:
366 1043 448 1106 „uas
471 1025 527 1089 das
550 1025 691 1105 coronat,
718 1025 792 1092 dass
816 1043 850 1090 er
871 1024 929 1092 der
952 1023 1254 1102 Gerichtmerhand·

116 1131 202 1228 ¹lung
223 1146 311 1211 nicht
333 1145 529 1227 beigewohnt
552 1143 651 1209 habe“
663 1189 753 1210 .....

116 1243 127 1262 ’
211 1265 248 1342 Χ,
272 1267 307 1342 3,
333 1269 371 1330 14
394 1263 446 1343 „Is
467 1265 520 1344 (sc.
541 1262 646 1329 Julius
669 1261 798 1344 Florus)
821 1280 891 1328 cum
914 1261 1105 1343 Secundum,
1128 1265 1255 1332 scholae

125 1384 230 1450 adhuc
262 1387 439 1465 operatum,
474 1382 596 1447 tristem
630 1379 889 1461 lorte'·vidisset,
920 1380 1141 1464 interrogavit,
1174 1401 1254 1466 quae

125 1521 221 1569 causo
242 1501 354 1568 frontis
377 1508 441 1566 tam
463 1500 639 1566 adductae?
661 1517 718 1566 nec
741 1499 951 1568 dissimulavit
972 1499 1164 1580 adulescens
1188 1509 1253 1569 ter·
1322 1590 1330 1611 N

125 1623 203 1687 tium
227 1623 288 1686 iam
312 1620 393 1685 diem
416 1639 500 1699 esse,
527 1619 608 1703 quod
632 1619 715 1683 omni
742 1619 850 1684 labore
878 1620 1026 1686 materiae
1048 1620 1088 1686 ad
1110 1622 1252 1690 sumbon-

126 1741 202 1804 dum
215 1741 388 1806 destinatae
406 1758 469 1805 non
487 1737 641 1805 inveniret
652 1739 830 1804 exordium“
846 1788 852 1802 .
936 1739 1031 1821 (‚,was
1050 1739 1105 1806 das
1123 1741 1255 1824 betriile²

67 1921 72 1934 ,
126 1859 199 1928 dass
223 1876 258 1924 er
284 1859 378 1924 keine
399 1858 579 1938 Einleitdng
607 1857 714 1937 lende,
749 1876 783 1924 so
812 1858 857 1923 sei
886 1877 918 1923 es
946 1860 1042 1925 echon
1069 1858 1125 1924 der
1157 1859 1253 1926 dritte

106 1977 234 2060 'Tag“).
269 1979 354 2055 Quae
377 1978 540 2059 explicatio
558 1983 643 2042 recte
660 1996 698 2041 an
718 1975 797 2045 falsa
814 1979 857 2044 sit
872 1978 992 2058 nescio,
1017 1979 1072 2044 sed
1092 1947 1252 2044 meliorem

127 2115 189 2163 non
211 2099 322 2163 inveni.
368 2096 514 2163 Ceterum
537 2102 678 2161 nostrum
702 2115 875 2163 sermonem
895 2116 964 2164 cum
986 2099 1084 2165 latino
1106 2097 1253 2180 pulcher·

127 2215 206 2280 rime
218 2232 387 2297 congruere
399 2215 559 2282 videmus:
582 2233 635 2294 „es
648 2215 689 2281 ist
700 2216 798 2284 sehon
816 2215 873 2282 der
885 2216 979 2282 dritte
992 2216 1066 2298 Tag,
1077 2215 1170 2284 dass“
1182 2264 1209 2282 ..
1227 2217 1252 2297 ¹)

662 2407 713 2480 IL

188 2549 272 2646 ¹Ile
299 2581 498 2686 modorum
527 2579 629 2671 apud
655 2580 800 2668 ‚,quod“
826 2529 1055 2672 particulam
1082 2597 1166 2650 usu.
1275 2566 1278 2576 ’

211 2743 247 2807 ln
269 2743 447 2809 universum
471 2745 596 2824 quidem
618 2742 829 2821 Quintilianus
858 2762 982 2825 semper
1005 2743 1070 2808 lere
1091 2742 1274 2847 uulgarem¹

126 2880 215 2926 usum
239 2869 364 2956 secutus
394 2868 448 2927 est
493 2863 611 2928 Tamen
641 2880 740 2943 pauca
767 2863 844 2927 mihi
867 2867 1039 2927 memoratu
1062 2862 1156 2946 digna
1184 2878 1252 2926 esse

126 2981 285 3060 videntum
312 2983 419 3065 itaque
441 2981 576 3063 primum
597 2982 723 3064 quidem
746 2982 785 3048 de
811 2981 990 3061 indicative,
1018 2987 1085 3047 tun
1113 2980 1153 3046 de
1176 2996 1250 3045 con-

124 3101 258 3198 iunctivo
281 3101 418 3168 breviter
441 3101 600 3169 disseram.

520 3296 550 3364 1.
602 3293 854 3366 Indicativus.

209 3462 239 3540 a)
285 3458 321 3523 ln
344 3444 484 3526 oratione
507 3427 634 3542 obliqua
655 3459 841 3525 indicativus
864 3457 965 3523 tribus
987 3456 1064 3521 locis
1085 3453 1249 3520 invenitur.

209 3577 253 3657 X,
278 3585 310 3658 l,
333 3581 432 3645 80...
463 3580 556 3663 „quin
579 3568 672 3646 etiam
695 3578 850 3676 Rhalerea
877 3577 964 3642 illum
993 3574 1185 3640 Demetrium
1209 3607 1249 3620 ·-
1339 3639 1343 3646 ,

124 3697 257 3763 multum
280 3672 401 3780 ingenii
420 3698 570 3763 habuisse
591 3704 623 3763 et
648 3697 811 3765 facundiae
831 3695 943 3775 fatcor,
970 3694 1019 3760 vel
1041 3693 1081 3760 ob
1104 3675 1164 3759 hoc
1186 3711 1251 3760 me-

195 3885 216 3948 ι)
236 3883 333 3938 Confer
352 3883 419 3940 duos
437 3882 513 3938 locon
530 3882 593 3938 huic
610 3881 770 3954 persimiles,
789 3897 901 3952 quorum
918 3880 1036 3952 priorem
1057 3876 1112 3931 iam
1129 3875 1252 3946 Spaldin-

123 3969 333 4125 Ἓῑὶιΐξέᾊ,
351 4057 392 4136 2⁷2
414 4060 426 4109 l
445 4055 555 4124 „tertius
575 4054 631 4110 dies
649 4061 696 4122 eat,
714 4025 785 4123 ouon
802 4053 891 4109 audivi
907 4051 1064 4107 recitantem
1082 4047 1230 4102 Sentium.“

155 4173 161 4186 ·
211 4141 314 4212 „Plaut
333 4141 439 4212 Amphi
451 4145 474 4212 l,
494 4145 518 4210 1,
537 4142 570 4194 46
587 4140 658 4208 „iam
676 4140 722 4196 diu
739 4143 786 4205 eal,
806 4137 876 4206 qnod
893 4137 991 4194 victum
1007 4151 1063 4190 non
1080 4132 1179 4190 datin.‘·‘

1132 4236 1149 4292 d
