2898 4518
1247 261 1290 328 15

157 439 192 514 3.
218 515 223 518 ,
246 440 333 570 Non
360 439 450 531 quic
476 441 723 530 (adaquavi),
749 460 826 554 nnn
854 439 943 530 qnia
969 461 1057 526 non,
1084 461 1163 512 non
1184 439 1286 532 quin.

162 617 165 624 ·
244 609 278 672 ln
301 599 481 672 adiversum
510 605 674 670 dicendum
697 611 746 671 est
767 625 849 686 „non
871 609 951 690 quo“
974 606 1072 691 (quod
1093 607 1177 688 apud
1200 605 1282 673 Cice·

160 746 266 792 ranem
295 726 532 792 usitatissimum
555 725 616 804 est)
633 725 687 804 ¹vel
710 745 792 802 „non
812 727 986 807 ,quoniam“
1009 723 1094 810 apud
1118 726 1287 803 Quintilia-

160 865 234 911 num
258 844 382 910 omnino
406 862 466 908 nou
488 815 628 942 inveniti.
674 843 762 923 „Non
789 844 889 925 quod‘
919 845 1033 927 legitur
1061 846 1177 923 semel,
1206 863 1287 924 „non

159 955 248 1048 uuia‘
271 964 371 1030 sexies
392 962 513 1040 decies,
542 981 624 1043 „non
646 963 719 1044 quia
741 965 822 1028 non“
854 962 972 1042 decies,
994 963 1048 1030 'bis
1073 983 1156 1044 „non
1184 965 1290 1050 quip“.

159 1085 207 1150 De
229 1085 307 1166 lege,
330 1102 392 1166 qua
413 1082 677 1148 ususvnodoruvn
702 1081 734 1146 in
758 1053 811 1146 his¹
825 1082 1059 1149 elocutionibus
1080 1084 1209 1166 regitur,
1232 1102 1289 1164 op-

159 1205 235 1268 tiuve
257 1203 406 1268 disseruit
427 1203 581 1268 Reussius
605 1201 668 1283 (ll.
682 1221 710 1282 p.
726 1203 795 1280 ult:
819 1199 871 1280 „Si
894 1202 977 1266 enim
1001 1203 1186 1284 aliquotres,
1209 1219 1290 1283 quoe

159 1340 216 1402 por
239 1339 272 1385 se
295 1321 379 1386 iusta
401 1339 437 1384 ac
460 1339 537 1386 vera
557 1320 607 1384 vel
629 1325 678 1384 est
687 1301 749 1384 'vel
772 1326 854 1384 certe
878 1320 1023 1398 habetur,
1046 1339 1140 1388 causa
1157 1320 1287 1386 alicuius

158 1440 205 1503 rei
224 1457 293 1504 esse
311 1443 453 1520 negatur,
479 1439 665 1506 indicativus
683 1437 814 1519 (scilicet
833 1444 961 1520 excepta
978 1439 1118 1505 oratione
1139 1439 1289 1521 obliqua),

159 1559 206 1625 'siu
238 1565 343 1624 autem
367 1556 482 1641 aliquid
512 1563 632 1623 tantum
662 1531 789 1638 cogitati
818 1563 849 1621 et
877 1558 966 1640 quasi
995 1578 1051 1640 per
1079 1559 1317 1626 coniecturam'

159 1679 287 1757 inventi,
310 1678 526 1744 coniunctivus
548 1675 748 1742 adhibendus
771 1680 846 1742 est“

245 1799 275 1876 a)
296 1770 298 1774 ¹
320 1764 524 1862 ludicativuvn
548 1801 619 1876 post
641 1815 720 1873 „non
743 1797 838 1878 quia“
867 1796 915 1860 bis
938 1795 1089 1876 legimus,
1110 1802 1142 1862 et
1164 1797 1291 1863 duobus

158 1915 319 1992 incisioni,
342 1934 434 1996 quam
457 1914 548 1978 modo
571 1914 800 1994 constituimus,
821 1914 963 1997 neglecta
986 1921 1043 1981 est.

246 2035 278 2113 ll,
302 2037 331 2111 4,
355 2037 394 2097 30
418 2050 549 2111 ,‚-eunv
573 2051 609 2098 eo
632 2031 768 2113 quidem,
791 2032 938 2117 quodvix
956 2033 1040 2098 ullus
1059 2039 1106 2100 est
1124 2038 1186 2100 tom
1206 2054 1291 2100 eom-

161 2155 263 2218 1uunis
285 2131 382 2231 locus,
404 2152 458 2235 qui
480 2153 581 2233 possit
594 2153 773 2218 cohaerere
797 2170 867 2217 cuin
891 2171 984 2217 causa
1005 2154 1064 2219 nisi
1088 2155 1191 2236 aliquo
1215 2174 1290 2236 pro·

161 2274 248 2354 priae
269 2271 465 2353 quaestionis
488 2271 609 2335 vinculo
634 2272 797 2352 copulatus
821 2276 985 2354 (appareat
1007 2273 1124 2356 alioqui
1142 2279 1288 2339 nontam

136 2373 139 2380 ¹
160 2391 311 2455 insertum
335 2408 428 2473 quam
451 2388 657 2472 adplicituvn)‚
680 2385 731 2455 vel
746 2387 1014 2473 quoo'dissimilis
1033 2398 1083 2457 est
1100 2393 1222 2470 ceteris
1239 2393 1290 2457 vel

160 2507 245 2590 quod
274 2507 458 2589 plerumque
493 2507 614 2572 adsumi
649 2508 741 2592 etiam
771 2529 880 2590 parum
904 2517 987 2592 apte'
1006 2477 1098 2589 solet,
1127 2528 1189 2573 non
1217 2510 1292 2591 quia

160 2626 366 2704 desideratur,
390 2626 444 2692 sed
464 2627 537 2709 quia
556 2632 684 2707 paratus
707 2631 773 2694 est“
788 2677 794 2690 .
808 2681 814 2694 .
828 2681 855 2694 ..
879 2666 919 2676 -
943 2632 1085 2711 Apparet
1103 2629 1291 2694 sententiam

160 2763 230 2810 esse
252 2746 347 2811 hanc:
370 2747 545 2811 communis
570 2747 660 2840 locus
678 2765 740 2812 non
765 2748 972 2814 desideratur.

248 2864 278 2942 ll,
308 2861 352 2943 ll}
375 2867 393 2929 9
417 2901 459 2912 -
485 2884 575 2943 „nain
599 2872 631 2930 et
652 2866 766 2931 vulnus
794 2866 941 2948 deligavit
963 2867 1092 2950 aliquis,
1121 2869 1288 2952 antequam

162 2985 239 3048 haec
260 3002 311 3048 ars
334 2990 427 3062 esset,
451 2991 482 3050 ct
503 2985 623 3050 febrem
645 2984 754 3068 quiete
777 2989 808 3049 et
831 2985 1036 3063 abstinentia,
1059 3005 1120 3051 non
1143 2986 1216 3068 quia
1237 3005 1291 3052 ra·
1326 3065 1336 3082 ι

163 3077 281 3168 tionem
307 3102 448 3183 videbat,
482 3104 537 3169 sed
570 3105 644 3184 quia
666 3104 698 3166 id
721 3104 867 3169 valetudo
895 3104 963 3185 ipsa
992 3105 1292 3199 cogebat,„mitiga-

162 3222 233 3286 vit“.
279 3220 442 3288 Sententia
464 3229 528 3287 est:
552 3223 705 3286 rationein
728 3241 790 3287 non
813 3222 949 3287 videbat.

247 3341 366 3423 ltaque,
377 3359 446 3404 cum
458 3340 563 3407 verbis
575 3340 637 3404 illis
655 3340 740 3420 „desi
746 3340 900 3417 denatur“,
913 3347 945 3404 et
958 3342 1129 3420 „rationem
1148 3340 1292 3406 videbat“
1330 3349 1338 3361 ·

161 3459 289 3541 aliquid,
312 3460 395 3540 quod
419 3460 578 3541 cogitatur
598 3459 648 3524 vel
666 3459 845 3524 con'ectura
866 3459 1024 3525 inventum
1048 3466 1104 3536 est,
1128 3459 1294 3538 indicetur,

161 3577 393 3645 coniunctivum
429 3596 503 3643 saue
540 3583 771 3661 exspectamus;
803 3577 1014 3656 Quintilianus
1043 3585 1146 3642 tamen
1175 3576 1294 3642 indica-

161 3696 260 3763 tivum
285 3697 416 3778 ponit¹)‚
446 3697 560 3777 quippe
584 3698 636 3776 qui
665 3669 852 3777 simpliciter
873 3714 940 3760 rem
970 3703 1075 3760 namet
1096 3715 1153 3761 nec
1182 3695 1293 3762 falsam

161 3833 286 3882 causam
317 3814 449 3894 supponi
472 3832 566 3894 posse
597 3815 761 3880 existimet
807 3813 898 3892 Quod
921 3814 992 3878 licet
1020 3815 1134 3880 rationi
1157 3835 1220 3880 non
1242 3790 1294 3881 re'-

173 4083 174 4090 1
232 4051 254 4114 ¹)
272 4048 313 4103 De
331 4049 383 4102 hoc
404 4049 541 4104 indicativi
566 4055 628 4118 post
646 4064 717 4114 „uon
741 4048 823 4116 quia“
843 4065 892 4102 usu
911 4047 983 4116 apud
1002 4047 1071 4102 alios
1096 4048 1241 4120 scriptones
1260 4046 1293 4100 cf.

161 4135 293 4202 Draeger:
310 4132 412 4189 Histoi.
432 4134 506 4202 Synt
525 4133 549 4187 d.
568 4134 615 4190 lat.
632 4133 696 4202 Spr.
715 4133 742 4187 11
761 4149 787 4201 p.
805 4134 865 4186 656.
903 4159 919 4183 -.
970 4163 972 4168 ·
997 4163 1014 4182 -.
