2898 4518
1244 245 1417 333 ii..

158 414 336 489 introductu
360 420 406 502 id,
429 420 512 506 qnod
541 419 684 490 universa
705 427 738 488 et
765 421 909 490 absolute
931 421 1143 502 Quintilianus
1165 423 1284 491 iudica-

160 543 207 608 uit
229 543 360 622 ,similia
383 543 517 608 imitatio
540 546 605 616 est‘f
628 543 802 610 accuratius
825 541 1010 610 terminatur
1031 543 1080 610 vel
1101 542 1287 624 potiusoor-

160 661 283 744 rigitur.
328 661 375 726 Da
416 661 619 742 mammutius
652 661 746 727 huius
779 679 855 728 usus
889 660 1093 742 explicatione
1126 661 1287 728 commode

160 779 225 862 egit
246 779 398 846 Reussius
419 779 439 844 l.
461 780 482 844 l.
503 798 533 860 p.
553 782 604 844 26.
649 779 728 845 Nam
747 797 808 864 nou
826 797 950 860 semper
969 779 1001 844 in
1018 778 1284 846 enuntiationibus

160 897 279 977 a„nisi
302 897 405 980 quod“
434 897 641 978 pendentibus
664 897 783 979 ellipsis
814 897 982 963 statuenda
1008 903 1073 978 est,
1098 915 1192 980 quam
1214 917 1286 966 raro

161 1018 350 1096 invenimus,
372 1016 426 1080 ubi
449 1017 643 1081 enuntiatum
666 1015 836 1097 principale
858 1015 1034 1098 negativam
1055 1017 1195 1082 eontinet
1216 1036 1287 1083 sen·

139 1179 143 1184 -
164 1136 302 1200 tentiam.
346 1108 456 1215 ltaque
478 1134 564 1198 nulla
586 1135 668 1201 inest
688 1135 721 1200 in
742 1135 801 1200 lroo
822 1133 907 1198 loeo:
928 1133 971 1215 V,
1004 1137 1056 1216 14,
1083 1137 1120 1200 14
1141 1135 1287 1216 „Epinoi-

160 1271 248 1319 rema
270 1257 373 1318 autem
396 1252 483 1318 nullo
507 1251 612 1316 differt
633 1252 868 1335 asyllogismis,
892 1251 953 1320 nisi
969 1253 1053 1335 quod
1069 1253 1116 1318 illi
1129 1259 1162 1320 et
1178 1253 1286 1336 plures

160 1372 280 1436 habeut
302 1371 423 1452 speeies
446 1377 478 1436 et
498 1389 571 1436 uera
593 1369 744 1451 eolligunt
765 1371 863 1451 veris,
887 1370 1117 1452 epichirematis
1140 1371 1284 1454 frequen-

160 1489 225 1555 tior
240 1489 322 1558 oirea
339 1488 503 1558 eredibilia
513 1495 562 1556 est
578 1492 682 1556 usus.“
723 1489 777 1562 Ad
798 1490 894 1556 verba
916 1489 995 1571 „nisi
1011 1488 1112 1571 quod“
1125 1490 1285 1572 suppleas:

161 1607 242 1689 „hoe
265 1605 396 1674 differt“.
689 1657 691 1660 -

246 1725 781 1808 ffiffimssmfflffizw

246 1845 401 1924 Quattuor
432 1851 536 1912 autem
570 1845 676 1911 iuveni
710 1847 865 1929 exempla,
898 1846 952 1912 ubi
987 1853 1061 1928 post
1090 1845 1286 1912 enuntiatum

161 1965 348 2056 principale,
376 1964 460 2048 quod
483 1965 659 2047 negativam
681 1967 819 2031 eontinet
840 1966 1043 2045 sententiam,
1074 1964 1198 2046 ellipsin
1220 1971 1285 2032 sta-

161 2089 294 2161 tuemus,
316 2101 397 2167 quae
420 2101 482 2148 nou
505 2101 543 2148 ex
564 2083 643 2164 ipsis
666 2083 780 2160 verbis,
802 2082 859 2150 sed
877 2102 894 2172 a
911 2084 981 2150 sola
1002 2083 1157 2149 sententia
1179 2101 1286 2149 eorum

161 2203 321 2284 expleatur
340 2215 472 2268 neeesse
494 2207 553 2266 est.
1183 2271 1186 2278 ¹

246 2319 312 2386 Sic:
335 2319 394 2398 lV,
416 2321 453 2398 il,
475 2321 525 2383 74.
568 2319 715 2386 Defendit
731 2325 822 2400 pater
837 2317 930 2400 lilios,
952 2321 1050 2400 quiin
1067 2326 1199 2387 mortem
1218 2320 1286 2398 eius

160 2439 374 2506 coniuratione
394 2437 483 2518 lacta
506 2438 664 2519 parricidii
686 2439 820 2506 accusati
842 2444 945 2504 erant:
967 2457 1087 2523 „neque
1110 2439 1193 2504 enim
1216 2439 1286 2504 iure

159 2558 292 2624 iurando
315 2576 395 2639 opus
416 2557 527 2637 luisse,
556 2557 584 2622 si
610 2557 728 2640 alioqui
756 2559 815 2624 hoa
847 2560 962 2624 mentis
995 2557 1196 2638 habuissent,
1228 2575 1287 2624 nee

159 2682 253 2754 sorte,
274 2677 337 2742 nisi
359 2676 442 2759 quod
460 2676 644 2758 aequisque
665 2677 758 2741 enimi
778 2677 939 2749 voluerit“v
982 2677 1112 2758 Ellipsis
1136 2677 1286 2758 expletur,

161 2812 228 2860 oum
252 2812 269 2858 e
291 2795 458 2862 verborum
486 2795 641 2860 sententia
662 2794 774 2860 addas:
804 2795 975 2875 „sortiendi
997 2796 1214 2880 necessitatem
1237 2801 1284 2861 at-

159 2913 293 2982 tulerit“.

243 3030 787 3114 V111,÷3,aa,‚u1ulmmuraeoo
816 3031 949 3100 formata
975 3050 1056 3099 nova
1083 3049 1119 3097 ae
1149 3029 1284 3112 plurima

158 3169 175 3215 a
202 3148 313 3234 Sergio
337 3153 459 3234 Flavo,¹
478 3170 608 3233 querum
638 3151 717 3216 dura
739 3152 902 3233 'quaedam
936 3151 1103 3217 admodum
1120 3150 1284 3231 ¹videntur,

161 3274 197 3333 nt
217 3287 336 3351 queens
357 3275 390 3335 et
410 3269 561 3336 essentia:
584 3287 664 3350 quae
682 3286 738 3334 cur
754 3275 840 3334 tauto
863 3289 958 3351 opere
979 3288 1183 3352 aspernemur
1204 3268 1283 3354 nihil

158 3387 263 3466 uideo,
287 3388 348 3454 nisi
370 3389 455 3470 quod
481 3387 579 3469 iniqui
602 3386 722 3454 iudices
750 3388 900 3454 adversus
929 3405 987 3456 nos
1017 3405 1124 3454 sumus
1151 3387 1284 3470 ideoque

157 3511 343 3587 paupertate
371 3507 524 3573 sermonis
553 3506 759 3582 laboramus,“
777 3578 779 3582 ,
796 3507 939 3588 ,ΕΙΙίρείη
962 3507 1087 3590 expleas
1115 3505 1175 3572 sie:
1202 3505 1282 3590 „nisi

156 3642 193 3689 ea
216 3631 390 3705 causaest,
413 3625 615 3718 quod“...,.·
650 3664 653 3700 z
958 3669 962 3674 -

240 3742 382 3810 Eandem
404 3743 529 3826 ellipsin
552 3742 748 3823 statuale,
769 3745 893 3821 4,110.
917 3779 957 3794 -

238 3859 440 3941 1x5,4,145
469 3836 714 3944 „Neque'enim
747 3861 928 3942 ullumlse.
956 3860 1099 3940 verbum)
1128 3861 1190 3925 erit
1217 3866 1281 3925 tam

154 3975 288 4060 diltioile,
311 3980 393 4060 quod
415 3997 478 4046 non
499 3979 663 4047 commode
685 3978 782 4046 inseri
805 3978 914 4060 possit,
936 3979 998 4058 nisi
1015 3978 1098 4061 quod
1114 3979 1147 4042 in
1166 3977 1280 4042 evitan-

154 4095 210 4166 dis
226 4097 379 4174 eiusmodi
394 4097 506 4170 wuerbis
517 4115 581 4194 non
599 4098 752 4190 ,docorem¹
766 4095 1000 4183 compositionis
1021 4094 1211 4180 quaerimus,
1225 4095 1282 4162 sad
