2898 4518
1240 237 1284 322 id
1411 267 1418 280 ·

34 459 37 466 ·
152 435 214 502 quc
238 409 289 484 vix
310 409 476 499 quiequam
505 408 684 489 offensionis
706 412 803 482 habet
830 411 1020 490 indicativus
1042 419 1189 498 quattuor
1209 415 1281 496 illis,

155 554 235 618 qnos
258 553 353 615 snpra
375 534 627 613 commemoravi,
650 532 741 598 locis:
765 533 821 611 ΙΙΙ,
839 537 869 615 6,
885 533 1001 616 425V,
1026 537 1075 614 10,
1097 535 1154 613 303
1175 533 1229 616 IX,
1254 540 1282 613 1,
1301 575 1315 601 t

152 656 191 731 93
218 653 292 733 XII,
319 656 371 730 10,
394 654 452 738 2p,
473 653 527 718 ubi
551 651 662 736 „quia“
687 671 785 734 pro,
791 654 881 718 nam“
906 652 1082 720 adhibitum
1106 671 1177 720 esse
1197 653 1279 720 riui-

155 789 232 838 mus
252 755 324 835 Ibi
359 772 441 835 enirn
470 770 687 836 enuntiatisa
716 771 826 852 „quia“
862 772 1071 852 pendentibus
1103 790 1155 840 res
1188 789 1282 848 verae
1331 739 1359 766 η

154 895 320 972 certaeque
337 888 520 969 afferuntur,
544 889 589 956 ita
606 895 643 954 ut
659 888 749 956 facile
768 890 808 958 ab
827 889 969 956 oratione
981 889 1108 971 obliqua
1125 890 1281 958 disiuncta

153 1007 284 1090 ipsaque
308 1008 468 1074 enuntiata
488 1008 675 1092 principalia
697 1009 849 1076 orationis
872 1013 975 1075 rectae
998 1028 1067 1076 esse
1084 1009 1185 1076 videri
1206 1029 1280 1094 pos-

153 1126 226 1195 sint.
270 1125 333 1192 Sed
356 1131 391 1190 ut
413 1125 514 1194 omnis
535 1100 689 1204 dubitatio
713 1127 842 1194 tollatur
869 1127 1013 1194 adscribo
1047 1146 1143 1194 unum
1172 1128 1276 1205 locum

155 1245 192 1324 V,
219 1248 266 1320 10,
290 1246 331 1309 30
356 1245 501 1325 ,Ponunt
523 1246 556 1309 in
579 1263 716 1326 persona
737 1250 769 1309 et
791 1265 920 1312 nomena
943 1247 1026 1329 quod
1048 1246 1173 1330 quidem
1197 1247 1278 1314 neci-

153 1363 227 1429 dere
249 1365 276 1438 ei
299 1337 426 1430 necesse
449 1369 511 1443 est,
524 1363 590 1429 ‘sed
613 1365 645 1427 in
668 1370 888 1446 argumentum
909 1383 980 1430 raro
1004 1366 1102 1444 cadit,
1125 1366 1185 1431 nisi
1208 1385 1278 1432 cum

151 1489 207 1547 aut
223 1501 261 1547 ex
283 1501 378 1548 causa
399 1483 506 1549 datum
525 1487 583 1562 est,
604 1488 640 1546 ut
651 1481 793 1566 Sapiens,
805 1483 948 1566 Magnus,
960 1485 1046 1564 Pius,
1057 1489 1112 1549 aut
1128 1490 1158 1549 et
1175 1485 1278 1564 ipsum

124 1586 126 1591 ¹
154 1601 286 1686 alicuius
309 1602 505 1684 cogitationis
528 1600 633 1666 attulit
659 1619 799 1681 causam,
827 1606 863 1667 ut
884 1602 1017 1668 Lentulo
1046 1603 1277 1681 coniurationis,

152 1721 239 1802 quod
254 1720 344 1786 libris
369 1720 532 1804 Sibyllinis
555 1721 818 1803 haruspicumque
836 1721 996 1802 responsis
1018 1721 1190 1810 dominatiq
1208 1723 1279 1788 dari

153 1840 256 1906 tribus
280 1838 433 1908 Corneliis
460 1841 636 1920 dicebatur,
668 1858 763 1924 seque
786 1859 857 1904 eum
880 1841 1005 1906 tertium
1030 1858 1099 1918 esse
1128 1813 1278 1909 credebat

152 1964 226 2040 post
247 1957 366 2034 Sullam
390 1959 590 2042 Cinnanaque,
612 1961 686 2044 quia
704 1966 736 2025 et
757 1961 824 2041 ipse
845 1958 1008 2026 Cornelius
1032 1963 1132 2038 erat“,
1179 1961 1278 2042 „Quia
1380 2015 1393 2040 .

152 2080 281 2144 -erat“
306 2079 389 2144 idem
413 2086 463 2144 est
484 2098 520 2144 no
543 2080 783 2159 ,Nam-erat“.

238 2197 272 2280 b)
317 2197 449 2264 Silentio
471 2218 534 2265 non
557 2197 854 2281 praetermittendus
871 2194 920 2264 est
941 2187 1038 2277 locus,
1061 2199 1116 2272 nbi
1131 2199 1276 2268 Halmius

152 2314 184 2379 in
207 2314 375 2382 indicativo
396 2315 542 2385 offendit.
588 2317 718 2398 vl1,t‚
744 2323 757 2382 l
786 2317 985 2400 „Proximum
1014 2324 1064 2383 est
1085 2318 1124 2384 de
1151 2319 1275 2402 legibus

121 2511 131 2532 ·
156 2435 321 2502 contrariis
345 2437 458 2516 dicere,
479 2437 553 2518 quia
569 2438 651 2502 inter
668 2453 776 2503 omnes
798 2438 913 2502 artium
937 2437 1104 2518 scriptores
1126 2438 1275 2518 constitit,

154 2555 187 2619 in
221 2555 393 2622 antinomia
421 2557 501 2622 duos
529 2575 599 2622 esse
632 2556 739 2638 scripti
766 2557 996 2624 et‘voluntatis
1023 2559 1211 2624 statuet...
1235 2593 1273 2606 -

151 2673 227 2739 Ood.
253 2675 279 2740 Δ
307 2676 440 2756 praebet
466 2672 653 2756 ,',constitit“,
677 2676 704 2742 G
726 2677 760 2741 M
791 2677 980 2758 „consistit“,
1004 2677 1118 2760 Regius
1146 2677 1278 2745 coniecit

151 2797 322 2874 „constat“,
344 2793 498 2875 Halmius,
521 2795 580 2861 etsi
595 2791 629 2859 in'
649 2801 736 2861 tento
757 2771 935 2876 „constitit‘
958 2795 1095 2877 retinuit,
1118 2802 1222 2862 tamen
1244 2798 1277 2878 in

149 2911 350 2978 adnotatione
373 2915 586 2994 „constiteris
610 2915 780 2997 proposuit.
804 2952 843 2964 -
867 2915 987 2980 Eodem
1009 2915 1145 2996 pertinet
1167 2914 1225 2996 VI,
1250 2921 1277 2996 l,

148 3030 358 3124 8‚‚,Ceterum
386 3033 465 3118 illud
488 3035 628 3101 constitit
656 3035 740 3100 inter
772 3036 984 3116 qmnes“,....
1011 3034 1066 3100 ubi
1098 3035 1276 3114 „constitit‘

149 3151 289 3219 codicum
303 3152 458 3233 scriptura
475 3135 686 3221 consentiente
703 3155 894 3233 defenditur3
911 3154 1113 3221 nihilominus
1131 3154 1276 3222 Halmius

149 3271 381 3339 coniunctivum
403 3249 838 3358 potentialem'commendat,
861 3275 1045 3356 praesertim
1062 3293 1139 3380 curn
1162 3277 1275 3356 sequt-
1343 3291 1352 3308 ·

147 3396 212 3458 tur:
243 3393 344 3472 „sicut
364 3411 455 3460 nemo
478 3395 696 3462 dubitaverit“.
743 3393 816 3475 Sed,
835 3412 1022 3478 quamquam
1046 3389 1275 3458 coniunctiium

150 3514 354 3595 potentialem
378 3514 573 3594 „constiterit
603 3515 685 3580 inter
714 3517 840 3580 omnes“
863 3533 882 3580 a
909 3513 1116 3596 scriptoribus
1149 3509 1275 3577 adhibi·

149 3636 215 3698 tum
239 3651 309 3699 esse
331 3637 381 3716 (ut
401 3634 434 3720 ln
456 3633 555 3700 Taciti
578 3635 649 3702 hist
674 3632 729 3712 ΙΙΙ,
754 3633 807 3714 lb)
831 3633 909 3711 scio,
932 3619 1037 3698 tamen
1064 3630 1189 3696 duobus
1211 3628 1275 3694 illis

149 3749 227 3816 locis
249 3751 390 3817 codicum
413 3720 539 3818 lectioni
561 3752 655 3818 fidem
678 3752 876 3818 tribuendam
900 3750 1156 3818 emindicativum
1179 3769 1273 3830 „con-

147 3869 244 3936 stitit‘
273 3889 293 3935 a
323 3869 514 3948 Quintiliano
544 3871 698 3952 scriptum
733 3889 801 3938 esse
834 3871 999 3937 contendo.
1042 3871 1113 3936 Huc
1144 3870 1272 3946 aceedit,

154 3988 236 4072 quod
253 3990 337 4072 apud
350 3989 532 4058 Ciceronem
549 4007 673 4074 quoquae
688 3992 772 4056 hunc
787 3989 916 4070 perlecti
938 3989 1158 4056 indicativum:
1181 4007 1273 4067 „con-

148 4111 233 4188 stitit
254 4111 336 4178 inter
357 4114 484 4178 omnes“
507 4110 626 4180 inveni:
649 4111 688 4178 de
710 4110 826 4178 finibus
849 4112 923 4224 bon.
946 4117 978 4175 et
1001 4109 1069 4182 rnal.
1094 4109 1131 4187 V,
1154 4110 1182 4204 6,
1205 4104 1272 4190 (ΙΙ)

1100 4227 1118 4280 2
