<?xml version="1.0" encoding="UTF-8"?>
<!DOCTYPE html PUBLIC "-//W3C//DTD XHTML 1.0 Transitional//EN"
    "http://www.w3.org/TR/xhtml1/DTD/xhtml1-transitional.dtd">
<html xmlns="http://www.w3.org/1999/xhtml" xml:lang="en" lang="en">
 <head>
  <title>
</title>
<meta http-equiv="Content-Type" content="text/html;charset=utf-8" />
  <meta name='ocr-system' content='tesseract 3.04.00' />
  <meta name='ocr-capabilities' content='ocr_page ocr_carea ocr_par ocr_line ocrx_word'/>
</head>
<body>
  <div class='ocr_page' id='page_1' title='image "./deconiunctionum01gngoog_0011.png"; bbox 0 0 2898 4518; ppageno 0'>
   <div class='ocr_carea' id='block_1_1' title="bbox 647 1201 792 1278">
    <p class='ocr_par' dir='ltr' id='par_1_1' title="bbox 647 1201 792 1278">
     <span class='ocr_line' id='line_1_1' title="bbox 647 1201 792 1278; baseline -0.028 0"><span class='ocrx_word' id='word_1_1' title='bbox 647 1201 792 1278; x_wconf 71' lang='lat' dir='ltr'>Quia.</span> 
     </span>
    </p>
   </div>
   <div class='ocr_carea' id='block_1_2' title="bbox 148 1373 1281 2505">
    <p class='ocr_par' dir='ltr' id='par_1_2' title="bbox 148 1373 1281 2505">
     <span class='ocr_line' id='line_1_2' title="bbox 235 1373 1279 1556; baseline 0.003 -19"><span class='ocrx_word' id='word_1_2' title='bbox 235 1373 331 1540; x_wconf 76' lang='lat' dir='ltr'>Etsi</span> <span class='ocrx_word' id='word_1_3' title='bbox 354 1475 442 1540; x_wconf 81' lang='lat' dir='ltr'>facile</span> <span class='ocrx_word' id='word_1_4' title='bbox 465 1475 597 1540; x_wconf 89' lang='lat' dir='ltr'>concedo</span> <span class='ocrx_word' id='word_1_5' title='bbox 623 1475 731 1556; x_wconf 83' lang='lat' dir='ltr'>„quia“</span> <span class='ocrx_word' id='word_1_6' title='bbox 757 1475 1003 1541; x_wconf 90' lang='lat' dir='ltr'>coniunctionem</span> <span class='ocrx_word' id='word_1_7' title='bbox 1034 1495 1052 1540; x_wconf 89' lang='lat' dir='ltr'>a</span> <span class='ocrx_word' id='word_1_8' title='bbox 1074 1476 1279 1555; x_wconf 83' lang='lat' dir='ltr'>Quintiliano,</span> 
     </span>
     <span class='ocr_line' id='line_1_3' title="bbox 150 1593 1281 1678; baseline -0.003 -17"><span class='ocrx_word' id='word_1_9' title='bbox 150 1595 204 1678; x_wconf 88' lang='lat' dir='ltr'>qui</span> <span class='ocrx_word' id='word_1_10' title='bbox 226 1595 306 1662; x_wconf 88' lang='lat' dir='ltr'>sicut</span> <span class='ocrx_word' id='word_1_11' title='bbox 326 1593 422 1660; x_wconf 90' lang='lat' dir='ltr'>ceteri</span> <span class='ocrx_word' id='word_1_12' title='bbox 446 1594 614 1674; x_wconf 84' lang='lat' dir='ltr'><strong>scriptores</strong></span> <span class='ocrx_word' id='word_1_13' title='bbox 636 1595 823 1658; x_wconf 86' lang='lat' dir='ltr'>creberrime</span> <span class='ocrx_word' id='word_1_14' title='bbox 843 1613 879 1659; x_wconf 88' lang='lat' dir='ltr'>ea</span> <span class='ocrx_word' id='word_1_15' title='bbox 898 1595 1005 1672; x_wconf 89' lang='lat' dir='ltr'>utitur,</span> <span class='ocrx_word' id='word_1_16' title='bbox 1022 1600 1058 1658; x_wconf 93' lang='lat' dir='ltr'>ut</span> <span class='ocrx_word' id='word_1_17' title='bbox 1080 1613 1205 1660; x_wconf 86' lang='lat' dir='ltr'>causam</span> <span class='ocrx_word' id='word_1_18' title='bbox 1227 1614 1281 1658; x_wconf 87' lang='lat' dir='ltr'>ve-</span> 
     </span>
     <span class='ocr_line' id='line_1_4' title="bbox 150 1711 1281 1794; baseline -0.003 -15"><span class='ocrx_word' id='word_1_19' title='bbox 150 1733 218 1779; x_wconf 87' lang='lat' dir='ltr'>ram</span> <span class='ocrx_word' id='word_1_20' title='bbox 242 1719 419 1794; x_wconf 82' lang='lat' dir='ltr'>certamque</span> <span class='ocrx_word' id='word_1_21' title='bbox 443 1711 559 1791; x_wconf 85' lang='lat' dir='ltr'>afferat,</span> <span class='ocrx_word' id='word_1_22' title='bbox 578 1714 610 1775; x_wconf 93' lang='lat' dir='ltr'>in</span> <span class='ocrx_word' id='word_1_23' title='bbox 634 1713 814 1777; x_wconf 88' lang='lat' dir='ltr'>universum</span> <span class='ocrx_word' id='word_1_24' title='bbox 833 1713 877 1777; x_wconf 87' lang='lat' dir='ltr'>ita</span> <span class='ocrx_word' id='word_1_25' title='bbox 894 1713 1047 1792; x_wconf 82' lang='lat' dir='ltr'>adhiberi,</span> <span class='ocrx_word' id='word_1_26' title='bbox 1069 1720 1104 1779; x_wconf 90' lang='lat' dir='ltr'>ut</span> <span class='ocrx_word' id='word_1_27' title='bbox 1120 1732 1189 1777; x_wconf 92' lang='lat' dir='ltr'>cum</span> <span class='ocrx_word' id='word_1_28' title='bbox 1212 1712 1281 1776; x_wconf 91' lang='lat' dir='ltr'>vul-</span> 
     </span>
     <span class='ocr_line' id='line_1_5' title="bbox 150 1830 1279 1916; baseline -0.003 -19"><span class='ocrx_word' id='word_1_29' title='bbox 150 1832 219 1916; x_wconf 85' lang='lat' dir='ltr'>gari</span> <span class='ocrx_word' id='word_1_30' title='bbox 241 1831 364 1897; x_wconf 91' lang='lat' dir='ltr'>dicendi</span> <span class='ocrx_word' id='word_1_31' title='bbox 387 1831 615 1895; x_wconf 88' lang='lat' dir='ltr'>consuetudine</span> <span class='ocrx_word' id='word_1_32' title='bbox 633 1830 750 1910; x_wconf 89' lang='lat' dir='ltr'>optime</span> <span class='ocrx_word' id='word_1_33' title='bbox 772 1832 955 1910; x_wconf 79' lang='lat' dir='ltr'>consentiat,</span> <span class='ocrx_word' id='word_1_34' title='bbox 974 1838 1079 1896; x_wconf 88' lang='lat' dir='ltr'>tumen</span> <span class='ocrx_word' id='word_1_35' title='bbox 1102 1832 1279 1897; x_wconf 84' lang='lat' dir='ltr'>inst‘tuenti</span> 
     </span>
     <span class='ocr_line' id='line_1_6' title="bbox 150 1949 1278 2034; baseline -0.001 -19"><span class='ocrx_word' id='word_1_36' title='bbox 150 1951 228 2016; x_wconf 91' lang='lat' dir='ltr'>mihi</span> <span class='ocrx_word' id='word_1_37' title='bbox 251 1949 464 2034; x_wconf 86' lang='lat' dir='ltr'>quaestionem</span> <span class='ocrx_word' id='word_1_38' title='bbox 489 1949 528 2014; x_wconf 92' lang='lat' dir='ltr'>de</span> <span class='ocrx_word' id='word_1_39' title='bbox 551 1949 725 2014; x_wconf 82' lang='lat' dir='ltr'>elocutione</span> <span class='ocrx_word' id='word_1_40' title='bbox 744 1949 904 2029; x_wconf 89' lang='lat' dir='ltr'>scriptoris</span> <span class='ocrx_word' id='word_1_41' title='bbox 927 1950 1132 2014; x_wconf 86' lang='lat' dir='ltr'>eruditissimi</span> <span class='ocrx_word' id='word_1_42' title='bbox 1152 1958 1184 2015; x_wconf 90' lang='lat' dir='ltr'>et</span> <span class='ocrx_word' id='word_1_43' title='bbox 1204 1950 1278 2014; x_wconf 93' lang='lat' dir='ltr'>dili-</span> 
     </span>
     <span class='ocr_line' id='line_1_7' title="bbox 149 2067 1278 2150; baseline -0.003 -16"><span class='ocrx_word' id='word_1_44' title='bbox 149 2068 327 2150; x_wconf 83' lang='lat' dir='ltr'>gentissimi</span> <span class='ocrx_word' id='word_1_45' title='bbox 353 2067 504 2132; x_wconf 89' lang='lat' dir='ltr'>nonnulla</span> <span class='ocrx_word' id='word_1_46' title='bbox 534 2068 626 2132; x_wconf 88' lang='lat' dir='ltr'>liceat</span> <span class='ocrx_word' id='word_1_47' title='bbox 647 2068 680 2131; x_wconf 94' lang='lat' dir='ltr'>in</span> <span class='ocrx_word' id='word_1_48' title='bbox 703 2068 838 2132; x_wconf 91' lang='lat' dir='ltr'>medium</span> <span class='ocrx_word' id='word_1_49' title='bbox 868 2067 1021 2146; x_wconf 85' lang='lat' dir='ltr'>prolerre,</span> <span class='ocrx_word' id='word_1_50' title='bbox 1050 2069 1163 2150; x_wconf 91' lang='lat' dir='ltr'>quibus</span> <span class='ocrx_word' id='word_1_51' title='bbox 1193 2074 1278 2133; x_wconf 89' lang='lat' dir='ltr'>totus</span> 
     </span>
     <span class='ocr_line' id='line_1_8' title="bbox 149 2184 1274 2268; baseline -0.004 -16"><span class='ocrx_word' id='word_1_52' title='bbox 149 2187 245 2252; x_wconf 85' lang='lat' dir='ltr'>huius</span> <span class='ocrx_word' id='word_1_53' title='bbox 274 2186 445 2268; x_wconf 88' lang='lat' dir='ltr'>particulae</span> <span class='ocrx_word' id='word_1_54' title='bbox 468 2204 545 2251; x_wconf 89' lang='lat' dir='ltr'>usus</span> <span class='ocrx_word' id='word_1_55' title='bbox 569 2185 703 2250; x_wconf 86' lang='lat' dir='ltr'>dilucide</span> <span class='ocrx_word' id='word_1_56' title='bbox 732 2184 884 2268; x_wconf 88' lang='lat' dir='ltr'>planeque</span> <span class='ocrx_word' id='word_1_57' title='bbox 907 2191 979 2250; x_wconf 90' lang='lat' dir='ltr'>ante</span> <span class='ocrx_word' id='word_1_58' title='bbox 1002 2187 1108 2251; x_wconf 88' lang='lat' dir='ltr'>oculos</span> <span class='ocrx_word' id='word_1_59' title='bbox 1131 2191 1274 2267; x_wconf 83' lang='lat' dir='ltr'>ponatur.</span> 
     </span>
     <span class='ocr_line' id='line_1_9' title="bbox 148 2283 1278 2387; baseline 0 -18"><span class='ocrx_word' id='word_1_60' title='bbox 148 2305 312 2370; x_wconf 86' lang='lat' dir='ltr'>Disseram</span> <span class='ocrx_word' id='word_1_61' title='bbox 335 2283 431 2387; x_wconf 81' lang='lat' dir='ltr'>igitur</span> <span class='ocrx_word' id='word_1_62' title='bbox 453 2304 589 2386; x_wconf 89' lang='lat' dir='ltr'>primum</span> <span class='ocrx_word' id='word_1_63' title='bbox 614 2304 653 2368; x_wconf 90' lang='lat' dir='ltr'>de</span> <span class='ocrx_word' id='word_1_64' title='bbox 672 2303 726 2381; x_wconf 89' lang='lat' dir='ltr'>iis,</span> <span class='ocrx_word' id='word_1_65' title='bbox 759 2321 837 2386; x_wconf 88' lang='lat' dir='ltr'>quae</span> <span class='ocrx_word' id='word_1_66' title='bbox 860 2304 900 2370; x_wconf 91' lang='lat' dir='ltr'>ad</span> <span class='ocrx_word' id='word_1_67' title='bbox 923 2304 1022 2385; x_wconf 86' lang='lat' dir='ltr'>ipsius</span> <span class='ocrx_word' id='word_1_68' title='bbox 1051 2305 1278 2370; x_wconf 89' lang='lat' dir='ltr'>coniunctionis</span> 
     </span>
     <span class='ocr_line' id='line_1_10' title="bbox 149 2422 934 2505; baseline 0.001 -18"><span class='ocrx_word' id='word_1_69' title='bbox 149 2441 243 2489; x_wconf 85' lang='lat' dir='ltr'>usum</span> <span class='ocrx_word' id='word_1_70' title='bbox 265 2426 418 2505; x_wconf 85' lang='lat' dir='ltr'>spectant,</span> <span class='ocrx_word' id='word_1_71' title='bbox 441 2428 507 2488; x_wconf 92' lang='lat' dir='ltr'>tum</span> <span class='ocrx_word' id='word_1_72' title='bbox 531 2423 572 2488; x_wconf 96' lang='lat' dir='ltr'>de</span> <span class='ocrx_word' id='word_1_73' title='bbox 595 2422 696 2489; x_wconf 87' lang='lat' dir='ltr'>modis</span> <span class='ocrx_word' id='word_1_74' title='bbox 719 2422 748 2487; x_wconf 92' lang='lat' dir='ltr'>ei</span> <span class='ocrx_word' id='word_1_75' title='bbox 771 2422 934 2489; x_wconf 79' lang='lat' dir='ltr'>adiunctis,</span> 
     </span>
    </p>
   </div>
   <div class='ocr_carea' id='block_1_3' title="bbox 316 2782 1107 2875">
    <p class='ocr_par' dir='ltr' id='par_1_3' title="bbox 316 2782 1107 2875">
     <span class='ocr_line' id='line_1_11' title="bbox 316 2782 1107 2875; baseline 0.001 -22"><span class='ocrx_word' id='word_1_76' title='bbox 316 2783 377 2853; x_wconf 85' lang='lat' dir='ltr'>De</span> <span class='ocrx_word' id='word_1_77' title='bbox 402 2782 524 2875; x_wconf 81' lang='lat' dir='ltr'>ipsius</span> <span class='ocrx_word' id='word_1_78' title='bbox 552 2784 685 2874; x_wconf 86' lang='lat' dir='ltr'>„quia“</span> <span class='ocrx_word' id='word_1_79' title='bbox 713 2783 997 2855; x_wconf 82' lang='lat' dir='ltr'>coniunctionis</span> <span class='ocrx_word' id='word_1_80' title='bbox 1024 2803 1107 2855; x_wconf 82' lang='lat' dir='ltr'>usu.</span> 
     </span>
    </p>
   </div>
   <div class='ocr_carea' id='block_1_4' title="bbox 196 2953 1218 3047">
    <p class='ocr_par' dir='ltr' id='par_1_4' title="bbox 196 2953 1218 3047">
     <span class='ocr_line' id='line_1_12' title="bbox 196 2953 1218 3047; baseline -0.002 -21"><span class='ocrx_word' id='word_1_81' title='bbox 196 2955 227 3028; x_wconf 87' lang='lat'>1.</span> <span class='ocrx_word' id='word_1_82' title='bbox 281 2953 422 3042; x_wconf 59' lang='lat' dir='ltr'>„duim</span> <span class='ocrx_word' id='word_1_83' title='bbox 449 2953 609 3045; x_wconf 84' lang='lat' dir='ltr'>perinde</span> <span class='ocrx_word' id='word_1_84' title='bbox 636 2959 752 3045; x_wconf 84' lang='lat' dir='ltr'>atque</span> <span class='ocrx_word' id='word_1_85' title='bbox 778 2955 924 3045; x_wconf 86' lang='lat' dir='ltr'>„quod“</span> <span class='ocrx_word' id='word_1_86' title='bbox 950 2954 1119 3047; x_wconf 79' lang='lat' dir='ltr'>positum</span> <span class='ocrx_word' id='word_1_87' title='bbox 1147 2959 1218 3025; x_wconf 82' lang='lat' dir='ltr'>est.</span> 
     </span>
    </p>
   </div>
   <div class='ocr_carea' id='block_1_5' title="bbox 114 3117 1273 4152">
    <p class='ocr_par' dir='ltr' id='par_1_5' title="bbox 114 3117 1273 4152">
     <span class='ocr_line' id='line_1_13' title="bbox 231 3117 1271 3202; baseline -0.002 -18"><span class='ocrx_word' id='word_1_88' title='bbox 231 3118 262 3201; x_wconf 89' lang='lat' dir='ltr'>a)</span> <span class='ocrx_word' id='word_1_89' title='bbox 308 3120 377 3184; x_wconf 89' lang='lat' dir='ltr'>Hoc</span> <span class='ocrx_word' id='word_1_90' title='bbox 398 3117 549 3184; x_wconf 80' lang='lat' dir='ltr'>facillime</span> <span class='ocrx_word' id='word_1_91' title='bbox 572 3119 764 3202; x_wconf 85' lang='lat' dir='ltr'>intellegitur</span> <span class='ocrx_word' id='word_1_92' title='bbox 780 3138 817 3185; x_wconf 84' lang='lat' dir='ltr'>ex</span> <span class='ocrx_word' id='word_1_93' title='bbox 834 3120 885 3184; x_wconf 90' lang='lat' dir='ltr'>his</span> <span class='ocrx_word' id='word_1_94' title='bbox 904 3119 1062 3201; x_wconf 85' lang='lat' dir='ltr'>exemplis,</span> <span class='ocrx_word' id='word_1_95' title='bbox 1085 3120 1140 3184; x_wconf 90' lang='lat' dir='ltr'>ubi</span> <span class='ocrx_word' id='word_1_96' title='bbox 1161 3119 1271 3199; x_wconf 60' lang='lat' dir='ltr'>„quid</span> 
     </span>
     <span class='ocr_line' id='line_1_14' title="bbox 146 3235 1273 3320; baseline -0.004 -16"><span class='ocrx_word' id='word_1_97' title='bbox 146 3243 178 3304; x_wconf 91' lang='lat' dir='ltr'>et</span> <span class='ocrx_word' id='word_1_98' title='bbox 202 3238 325 3320; x_wconf 83' lang='lat' dir='ltr'>„quod“</span> <span class='ocrx_word' id='word_1_99' title='bbox 349 3237 525 3319; x_wconf 89' lang='lat' dir='ltr'>promiscue</span> <span class='ocrx_word' id='word_1_100' title='bbox 555 3257 631 3304; x_wconf 88' lang='lat' dir='ltr'>usus</span> <span class='ocrx_word' id='word_1_101' title='bbox 658 3244 708 3303; x_wconf 85' lang='lat' dir='ltr'>est</span> <span class='ocrx_word' id='word_1_102' title='bbox 731 3238 949 3314; x_wconf 79' lang='lat' dir='ltr'>Quintilianus</span> <span class='ocrx_word' id='word_1_103' title='bbox 993 3237 1137 3317; x_wconf 75' lang='lat' dir='ltr'>11‚2‚t</span> <span class='ocrx_word' id='word_1_104' title='bbox 1163 3235 1273 3318; x_wconf 84' lang='lat' dir='ltr'>„Quod</span> 
     </span>
     <span class='ocr_line' id='line_1_15' title="bbox 145 3354 1272 3440; baseline -0.004 -18"><span class='ocrx_word' id='word_1_105' title='bbox 145 3375 203 3440; x_wconf 86' lang='lat' dir='ltr'>ego</span> <span class='ocrx_word' id='word_1_106' title='bbox 227 3374 290 3426; x_wconf 92' lang='lat' dir='ltr'>non</span> <span class='ocrx_word' id='word_1_107' title='bbox 319 3356 435 3421; x_wconf 88' lang='lat' dir='ltr'>idcirco</span> <span class='ocrx_word' id='word_1_108' title='bbox 469 3357 670 3438; x_wconf 87' lang='lat' dir='ltr'>potissimum</span> <span class='ocrx_word' id='word_1_109' title='bbox 700 3358 732 3421; x_wconf 92' lang='lat' dir='ltr'>in</span> <span class='ocrx_word' id='word_1_110' title='bbox 760 3357 818 3422; x_wconf 88' lang='lat' dir='ltr'>hac</span> <span class='ocrx_word' id='word_1_111' title='bbox 845 3361 934 3436; x_wconf 88' lang='lat' dir='ltr'>parte</span> <span class='ocrx_word' id='word_1_112' title='bbox 964 3361 1096 3422; x_wconf 86' lang='lat' dir='ltr'>tractare</span> <span class='ocrx_word' id='word_1_113' title='bbox 1125 3374 1193 3421; x_wconf 90' lang='lat' dir='ltr'>sum</span> <span class='ocrx_word' id='word_1_114' title='bbox 1216 3354 1272 3419; x_wconf 92' lang='lat' dir='ltr'>ad-</span> 
     </span>
     <span class='ocr_line' id='line_1_16' title="bbox 145 3474 1269 3558; baseline -0.004 -16"><span class='ocrx_word' id='word_1_115' title='bbox 145 3495 280 3558; x_wconf 83' lang='lat' dir='ltr'>gressus,</span> <span class='ocrx_word' id='word_1_116' title='bbox 303 3476 376 3558; x_wconf 91' lang='lat' dir='ltr'>quia</span> <span class='ocrx_word' id='word_1_117' title='bbox 398 3492 463 3540; x_wconf 87' lang='lat' dir='ltr'>non</span> <span class='ocrx_word' id='word_1_118' title='bbox 479 3475 511 3540; x_wconf 93' lang='lat' dir='ltr'>in</span> <span class='ocrx_word' id='word_1_119' title='bbox 533 3477 645 3542; x_wconf 90' lang='lat' dir='ltr'>ceteris</span> <span class='ocrx_word' id='word_1_120' title='bbox 668 3494 790 3558; x_wconf 85' lang='lat' dir='ltr'>quoque</span> <span class='ocrx_word' id='word_1_121' title='bbox 812 3474 995 3542; x_wconf 87' lang='lat' dir='ltr'>doctoribus</span> <span class='ocrx_word' id='word_1_122' title='bbox 1016 3475 1098 3541; x_wconf 90' lang='lat' dir='ltr'>idem</span> <span class='ocrx_word' id='word_1_123' title='bbox 1118 3476 1178 3540; x_wconf 91' lang='lat' dir='ltr'>hoo</span> <span class='ocrx_word' id='word_1_124' title='bbox 1201 3492 1269 3538; x_wconf 83' lang='lat' dir='ltr'>exa·</span> 
     </span>
     <span class='ocr_line' id='line_1_17' title="bbox 144 3592 1272 3677; baseline -0.001 -18"><span class='ocrx_word' id='word_1_125' title='bbox 144 3594 325 3661; x_wconf 89' lang='lat' dir='ltr'>minandum</span> <span class='ocrx_word' id='word_1_126' title='bbox 354 3612 445 3675; x_wconf 88' lang='lat' dir='ltr'>quam</span> <span class='ocrx_word' id='word_1_127' title='bbox 479 3594 723 3677; x_wconf 85' lang='lat' dir='ltr'>diligentissime</span> <span class='ocrx_word' id='word_1_128' title='bbox 750 3599 872 3674; x_wconf 90' lang='lat' dir='ltr'>putem,</span> <span class='ocrx_word' id='word_1_129' title='bbox 904 3630 944 3640; x_wconf 95' lang='lat'>-</span> <span class='ocrx_word' id='word_1_130' title='bbox 980 3594 1036 3660; x_wconf 87' lang='lat' dir='ltr'>sed</span> <span class='ocrx_word' id='word_1_131' title='bbox 1063 3593 1147 3675; x_wconf 88' lang='lat' dir='ltr'>quod</span> <span class='ocrx_word' id='word_1_132' title='bbox 1174 3592 1272 3674; x_wconf 85' lang='lat' dir='ltr'>magis</span> 
     </span>
     <span class='ocr_line' id='line_1_18' title="bbox 143 3711 1271 3794; baseline -0.003 -17"><span class='ocrx_word' id='word_1_133' title='bbox 143 3713 350 3779; x_wconf 85' lang='lat' dir='ltr'>necessariam</span> <span class='ocrx_word' id='word_1_134' title='bbox 373 3711 441 3778; x_wconf 88' lang='lat' dir='ltr'>eius</span> <span class='ocrx_word' id='word_1_135' title='bbox 463 3712 509 3778; x_wconf 92' lang='lat' dir='ltr'>rei</span> <span class='ocrx_word' id='word_1_136' title='bbox 540 3712 732 3778; x_wconf 89' lang='lat' dir='ltr'>mentionem</span> <span class='ocrx_word' id='word_1_137' title='bbox 755 3712 831 3778; x_wconf 88' lang='lat' dir='ltr'>lacit</span> <span class='ocrx_word' id='word_1_138' title='bbox 852 3719 938 3778; x_wconf 87' lang='lat' dir='ltr'>aetas</span> <span class='ocrx_word' id='word_1_139' title='bbox 961 3712 1029 3794; x_wconf 88' lang='lat' dir='ltr'>ipsa</span> <span class='ocrx_word' id='word_1_140' title='bbox 1054 3711 1271 3778; x_wconf 68' lang='lat' dir='ltr'>discentium.</span> 
     </span>
     <span class='ocr_line' id='line_1_19' title="bbox 114 3829 1272 3913; baseline -0.001 -18"><span class='ocrx_word' id='word_1_141' title='bbox 114 3903 116 3908; x_wconf 54' lang='grc'>,</span> <span class='ocrx_word' id='word_1_142' title='bbox 229 3830 330 3911; x_wconf 87' lang='lat' dir='ltr'>„Non</span> <span class='ocrx_word' id='word_1_143' title='bbox 359 3831 484 3896; x_wconf 89' lang='lat' dir='ltr'>solum</span> <span class='ocrx_word' id='word_1_144' title='bbox 507 3829 598 3912; x_wconf 90' lang='lat' dir='ltr'>quia</span> <span class='ocrx_word' id='word_1_145' title='bbox 627 3866 666 3876; x_wconf 95' lang='lat'>—</span> <span class='ocrx_word' id='word_1_146' title='bbox 695 3831 763 3896; x_wconf 91' lang='lat' dir='ltr'>sed</span> <span class='ocrx_word' id='word_1_147' title='bbox 787 3831 907 3913; x_wconf 85' lang='lat' dir='ltr'>quod“</span> <span class='ocrx_word' id='word_1_148' title='bbox 933 3833 982 3897; x_wconf 85' lang='lat' dir='ltr'>bis</span> <span class='ocrx_word' id='word_1_149' title='bbox 1004 3832 1173 3911; x_wconf 86' lang='lat' dir='ltr'>reperitur:</span> <span class='ocrx_word' id='word_1_150' title='bbox 1195 3830 1218 3909; x_wconf 88' lang='grc' dir='ltr'>Ι,</span> <span class='ocrx_word' id='word_1_151' title='bbox 1242 3832 1272 3905; x_wconf 90' lang='lat'>3,</span> 
     </span>
     <span class='ocr_line' id='line_1_20' title="bbox 141 3949 1269 4048; baseline 0 -34"><span class='ocrx_word' id='word_1_152' title='bbox 141 3950 160 4014; x_wconf 88' lang='lat'><em>8</em></span> <span class='ocrx_word' id='word_1_153' title='bbox 193 3950 324 4029; x_wconf 80' lang='lat' dir='ltr'>„Danda</span> <span class='ocrx_word' id='word_1_154' title='bbox 357 3954 538 4015; x_wconf 87' lang='lat' dir='ltr'>esttamen</span> <span class='ocrx_word' id='word_1_155' title='bbox 567 3950 712 4015; x_wconf 87' lang='lat' dir='ltr'>omnibus</span> <span class='ocrx_word' id='word_1_156' title='bbox 745 3952 801 4032; x_wconf 86' lang='lat' dir='ltr'>(sc.</span> <span class='ocrx_word' id='word_1_157' title='bbox 832 3950 951 4032; x_wconf 78' lang='lat' dir='ltr'>pueris)</span> <span class='ocrx_word' id='word_1_158' title='bbox 988 3949 1097 4048; x_wconf 77' lang='lat' dir='ltr'>aliqua¹</span> <span class='ocrx_word' id='word_1_159' title='bbox 1117 3950 1269 4026; x_wconf 86' lang='lat' dir='ltr'>remissio,</span> 
     </span>
     <span class='ocr_line' id='line_1_21' title="bbox 142 4043 1271 4152; baseline -0.001 -18"><span class='ocrx_word' id='word_1_160' title='bbox 142 4086 205 4134; x_wconf 91' lang='lat' dir='ltr'>non</span> <span class='ocrx_word' id='word_1_161' title='bbox 228 4068 329 4134; x_wconf 89' lang='lat' dir='ltr'>solum</span> <span class='ocrx_word' id='word_1_162' title='bbox 352 4068 426 4150; x_wconf 86' lang='lat' dir='ltr'>quia</span> <span class='ocrx_word' id='word_1_163' title='bbox 448 4068 535 4133; x_wconf 86' lang='lat' dir='ltr'>nulla</span> <span class='ocrx_word' id='word_1_164' title='bbox 551 4087 604 4135; x_wconf 85' lang='lat' dir='ltr'>rea</span> <span class='ocrx_word' id='word_1_165' title='bbox 622 4075 680 4149; x_wconf 88' lang='lat' dir='ltr'>est,</span> <span class='ocrx_word' id='word_1_166' title='bbox 705 4087 785 4151; x_wconf 88' lang='lat' dir='ltr'>quae</span> <span class='ocrx_word' id='word_1_167' title='bbox 806 4069 945 4151; x_wconf 85' lang='lat' dir='ltr'>perferre</span> <span class='ocrx_word' id='word_1_168' title='bbox 967 4043 1072 4152; x_wconf 40' lang='lat' dir='ltr'>possit*</span> <span class='ocrx_word' id='word_1_169' title='bbox 1089 4069 1271 4134; x_wconf 91' lang='lat' dir='ltr'>continuum</span> 
     </span>
    </p>
   </div>
   <div class='ocr_carea' id='block_1_6' title="bbox 0 0 1454 4518">
    <p class='ocr_par' dir='ltr' id='par_1_6' title="bbox 0 0 1454 4518">
     <span class='ocr_line' id='line_1_22' title="bbox 0 0 1454 4518; baseline 0 3"><span class='ocrx_word' id='word_1_170' title='bbox 0 0 1454 4518; x_wconf 95' lang='lat' dir='ltr'> </span> 
     </span>
    </p>
   </div>
  </div>
 </body>
</html>
