2898 4518
160 249 209 330 tt·

159 433 236 499 eiius:
251 431 436 514 pmticulae,
459 447 521 496 non
543 433 582 496 ut
600 417 648 495 rei
676 417 799 510 positae
820 444 914 496 causa
940 418 1106 516 afferatur,
1129 422 1190 501 sed*
1207 422 1298 515 quod¹

159 552 239 617 haec
260 550 364 633 posita
386 549 443 628 sit,
474 548 575 615 altera
596 549 774 628 praeterite,
796 547 828 612 id
850 565 924 614 uero
949 551 1138 632 explicetur“
1163 589 1205 600 —
1229 553 1298 616 ltoc·

160 669 199 735 ad
230 669 341 751 ,quia“
373 685 497 751 quoque
529 667 782 732 coniunctionem
814 667 938 734 duobus
974 669 1024 736 his
1059 671 1136 736 loci's
1171 671 1289 752 optime

161 787 315 871 quadrare
335 805 426 852 nemo
449 805 511 851 non
533 785 702 868 intelleget

247 907 275 970 3.
319 905 471 971 Reussius
498 904 518 969 l.
547 903 567 968 l.
596 923 624 984 p.
654 905 672 968 9
706 904 773 986 agit
805 904 844 968 de
878 904 1122 973 inconcinnitate
1155 907 1287 988 quedem

161 1024 346 1091 elocutionis
368 1023 529 1103 Taciteae,
554 1041 615 1103 qua
643 1022 728 1087 haud
757 1040 828 1087 raro
857 1023 940 1087 inter
954 1026 1126 1091 ,enuntiata
1153 1025 1289 1092 causalia

161 1152 194 1210 et
215 1141 428 1222 substantiva,
457 1142 621 1225 participia
645 1145 716 1221 etc,
744 1142 777 1206 in
805 1142 921 1240 quibus
943 1160 1038 1208 causa
1065 1144 1169 1226 aliqua
1195 1145 1288 1220 inest,

160 1261 317 1347 perctaxis
338 1258 479 1325 efficitur.
525 1259 618 1340 Apud
635 1259 872 1340 Quintilianum,
894 1260 976 1342 quod
993 1262 1106 1326 attinet
1123 1263 1162 1328 ad
1176 1262 1285 1343 ,quia-‘⁴

161 1381 425 1458 coniunctionem,
453 1378 534 1443 hanc
563 1378 836 1443 inconcinnitatem
860 1396 921 1443 non
943 1381 1083 1460 repperi,
1105 1381 1167 1446 nisi
1190 1380 1287 1446 semel

160 1499 192 1563 in
218 1499 338 1581 ,quod“
364 1496 589 1563 coniunctionis
612 1514 678 1561 usu.
724 1495 822 1571 ouem
846 1497 948 1562 locum
971 1498 1021 1563 hic
1042 1500 1225 1581 adiungam:

247 1617 271 1696 I,
295 1617 436 1682 Prooem.
461 1618 480 1680 6
504 1615 613 1695 ,Quod
633 1632 721 1695 opus,
741 1615 888 1680 Marcelle
906 1615 1033 1696 Victori,
1056 1618 1115 1682 tibi
1133 1617 1287 1682 dicantus:

162 1756 253 1821 quem
276 1755 345 1802 cum
374 1735 595 1800 amicissimum
623 1735 714 1798 nobis
737 1740 804 1797 tum
834 1734 945 1800 eximio
975 1734 1149 1800 litterarum
1181 1751 1287 1800 amore

164 1855 346 1938 fiagrantem
370 1872 432 1918 non
461 1859 589 1934 propter
612 1853 689 1918 haec
711 1853 819 1930 modo,
848 1871 1035 1934 quoinquam
1064 1861 1139 1919 sunt
1166 1873 1287 1934 magna,

166 1973 380 2055 dignissimum
405 1973 465 2038 hoc
495 1949 622 2036 mutuae
650 1971 814 2036 internos
842 1972 981 2037 caritatis
1009 1973 1139 2054 pignore
1166 1972 1288 2037 iudica-

165 2094 283 2170 bamus,
305 2092 361 2158 sed
380 2091 463 2171 quod
487 2090 658 2154 erudiendo
679 2089 776 2153 Getae
794 2096 857 2166 tuo,
880 2089 969 2156 ouius
991 2091 1092 2171 prima
1113 2097 1199 2156 aetus
1222 2109 1288 2155 me·

163 2211 310 2276 nilestum
338 2209 400 2273 iam
428 2208 545 2290 ingenii
573 2209 677 2272 lumen
705 2207 857 2287 ostendit,
888 2225 950 2273 non
978 2201 1104 2275 inutiles
1126 2209 1192 2274 iore
1216 2208 1288 2274 libri

162 2329 350 2395 videbantur
372 2328 447 2393 etc.“

700 2501 752 2572 11.

225 2675 282 2744 Ite
308 2675 508 2746 modorum
534 2679 625 2762 pout
650 2671 783 2760 „quid‘
810 2671 1121 2744 coniunctionem
1147 2691 1230 2744 usu.

251 2837 342 2926 Nunc
365 2855 555 2919 exponamus
575 2835 750 2916 modorum,
772 2836 825 2919 qui
841 2837 1092 2902 coniunctionem
1116 2837 1226 2919 ,quia“
1241 2855 1290 2902 se-

125 3041 131 3052 ·
166 2963 317 3040 quuntur,
346 2975 446 3022 usum.
490 2955 527 3021 In
557 2955 737 3022 uniuersum
764 2956 891 3038 quidem
918 2955 1131 3034 Quintilianus
1166 2974 1290 3037 semper

165 3076 230 3141 iere
252 3076 440 3158 optimorum
474 3074 663 3159 scriptorum
692 3093 784 3140 usum
814 3081 940 3142 secutus
963 3081 1019 3142 est
1064 3075 1182 3140 Tamen
1210 3093 1289 3139 non·

165 3194 253 3259 nulla
274 3194 435 3259 mentione
453 3194 546 3276 digua
564 3199 647 3260 sunt
690 3195 738 3259 Ac
760 3194 894 3276 primum
912 3195 952 3260 de
968 3194 1144 3273 indicativo,
1167 3199 1232 3259 tum
1252 3193 1291 3259 de

166 3313 377 3391 coniunctivo,
401 3313 514 3379 deinde
537 3313 576 3378 de
599 3312 702 3378 modis
724 3320 797 3394 post
821 3331 904 3392 ,uon
926 3312 1017 3393 quia“
1043 3319 1075 3379 et
1096 3312 1211 3379 similia
1231 3331 1289 3396 po-

166 3433 235 3500 sitis
258 3432 419 3499 disseram.

561 3591 590 3662 1.
647 3588 898 3662 indicativus.

252 3759 282 3836 a)
328 3754 372 3822 Ut
394 3754 478 3838 apud
502 3754 581 3822 alios
604 3755 782 3837 scriptores,
808 3755 853 3820 ita
871 3756 954 3838 apud
966 3753 1192 3832 Quintilianum
1207 3755 1292 3821 haud

165 3893 236 3940 raro
261 3875 293 3939 in
312 3875 439 3955 obliqua
459 3872 600 3941 oratione
622 3872 820 3946 indicativum
844 3892 901 3955 pro
929 3873 1125 3939 coniunctius
1149 3874 1291 3956 legimus.

165 3993 338 4075 Praecipue
358 3994 411 4058 hic
433 4012 510 4060 urus
537 3993 639 4060 locum
662 3992 758 4056 habet
779 3997 862 4071 tum,
893 4013 963 4059 oum
993 3992 1154 4058 enuntiate
1179 4011 1292 4058 sccun-

165 4111 325 4178 duriores
349 4129 440 4178 veras
461 4112 722 4196 atque-omnibns
745 4110 822 4177 satis
846 4114 987 4194 cognitos
1014 4112 1183 4178 continent.
1226 4111 1292 4178 lta·
