2898 4518
198 257 241 330 38

199 431 457 516 moria-dignun,
479 433 562 517 qnod
586 430 714 499 ultimus
733 437 783 500 est
804 430 869 498 lere
888 449 926 500 ex
948 433 1069 517 Atticis,
1091 433 1145 519 qni
1168 433 1229 501 diei
1252 453 1329 518 pos-

198 554 240 620 sit
261 557 395 622 orator.“
439 552 491 632 XI,
513 554 543 633 2,
569 557 602 616 ll
630 553 873 632 „Artem'autem
893 557 1063 658 memoriae
1081 557 1202 638 primus
1224 559 1330 620 osten-

199 672 300 750 dissre
323 671 437 737 dieitur
460 649 653 752 Simonides,
678 672 765 737 cuius
793 673 916 753 vulgata
940 673 1046 741 tabula
1068 681 1125 740 est
1170 673 1248 739 Cum
1269 691 1327 754 pu-

198 790 252 874 gili
274 769 422 857 coronato
444 808 577 869 carmen,
600 791 691 873 quale
713 793 857 872 componi
880 792 1051 860 victoribus
1074 793 1162 869 solet,
1185 789 1329 858 mercede
1418 862 1424 872 ,

196 915 287 992 panta
310 909 504 990 scripsisset,
532 910 715 991 abnegatam
738 911 766 974 ei
796 903 947 993 pecuniae
973 916 1110 994 partem,
1132 910 1218 994 quod
1241 886 1340 976 more*

196 1028 298 1111 poetis
334 1027 586 1114 nequeatissimo
622 1028 782 1111 digressus
815 1028 848 1095 in
882 1031 991 1097 laudes
1019 1031 1158 1099 Castoris
1191 1047 1235 1096 ae.
1256 1028 1328 1093 Pol-

197 1145 277 1214 lucis
307 1147 453 1211 exierat.“
497 1145 577 1212 Tum
600 1167 637 1212 ex
664 1148 804 1214 oratione
832 1148 984 1214 indirecta
1005 1150 1038 1214 in
1067 1155 1184 1215 rectam
1214 1122 1338 1214 transit‘

196 1266 347 1348 scriptor:
371 1263 586 1347 „Quapropter
608 1271 729 1347 partem
749 1267 788 1330 ab
809 1266 850 1332 iis
872 1239 1334 1350 petere,quoruntacmee1e-'

197 1385 331 1465 brasset,
352 1384 547 1450 iubebatur.“
1113 1393 1116 1400 ⁴

281 1502 408 1579 Tertius
430 1501 533 1583 locus,
553 1502 615 1568 iarn
638 1522 734 1585 supra
755 1504 813 1570 sub
839 1503 950 1586 „quir‘
972 1512 1249 1585 commemoratus,
1277 1504 1327 1570 in-

195 1624 335 1690 venitur:
838 1623 841 1630 '

194 1797 202 1810 .
280 1742 336 1821 111,
359 1744 388 1822 6,
410 1743 451 1806 42
475 1741 551 1821 „His
570 1743 662 1808 etiarn
681 1744 775 1809 ceteri
793 1748 893 1810 status
905 1743 1055 1809 contineri
1075 1743 1231 1824 dicuntur,
1253 1741 1327 1824 quia

193 1870 225 1958 qt
251 1864 410 1948 quantitas
433 1861 526 1928 modo
550 1861 588 1926 ad
618 1863 827 1930 coniecturam
855 1853 1008 1929 rere'ratur
1031 1899 1070 1909 -
1093 1863 1171 1945 quin
1194 1869 1226 1926 et
1248 1879 1324 1927 eon·
1375 1918 1381 1930 .

193 1983 310 2052 trariae
338 1983 424 2064 leges
447 1987 478 2046 et
505 1982 738 2048 ratiocinativus
766 1988 878 2062 status,
912 1981 943 2045 id
967 1986 1017 2046 est
1044 1980 1257 2064 syllogismus,
1292 1971 1343 2043 at‘

192 2103 377 2186 plerumque
400 2099 509 2181 scripti
532 2105 563 2165 et
585 2100 753 2166 voluntatis
777 2115 875 2182 aequo
903 2100 1058 2180 nitantur,
1083 2099 1145 2166 nisi
1167 2097 1250 2181 quod
1274 2098 1325 2162 hic

86 2287 89 2298 ,
194 2221 306 2288 tertius
330 2219 499 2300 aliquando
521 2219 727 2285 coniecturam
751 2218 958 2300 accipit“....
982 2253 1023 2266 -

282 2315 399 2404 Alacre
417 2335 538 2402 dicendi
561 2355 659 2419 genus
682 2338 864 2418 scriptorem
888 2336 1027 2415 adduxit,
1050 2339 1094 2416 nt,
1116 2333 1233 2401 oblitus
1256 2351 1326 2400 ora-

183 2456 292 2522 tionis
313 2453 494 2534 indireptae,
517 2456 618 2544 mod'ps
640 2461 743 2522 rectae
766 2455 916 2522 orationis
938 2460 1087 2522 uteretur.

278 2576 351 2641 lare
383 2575 595 2641 coniunctivus
627 2576 659 2640 in
687 2576 827 2642 oratione
860 2574 987 2657 obliqua
1016 2579 1088 2656 post
1117 2572 1197 2654 „nisi
1223 2572 1325 2654 quod‘r

194 2695 316 2778 positus
345 2700 394 2759 est
422 2693 480 2771 IV,
508 2695 544 2773 l,
574 2695 615 2758 74
643 2694 722 2774 „nisi
750 2671 1038 2778 quod-voluerim
1088 2695 1216 2758 Praeter
1242 2691 1327 2756 hunc

171 2815 297 2883 ‘locum
317 2819 349 2879 ct
369 2812 483 2893 v11‚2,
501 2814 541 2876 56
567 2812 645 2891 „nisi
663 2811 1010 2894 quod-·coneasseris“,
1032 2811 1086 2876 ubi
1099 2810 1324 2877 coniunctivum

197 2931 400 3029 potentialem
433 2931 600 3032 hahemus,
628 2930 745 3012 ubique
776 2929 978 2997 indicativum
1008 2936 1079 3012 post
1110 2929 1191 3010 ,nisi
1224 2927 1326 3013 quod‘
1435 2951 1436 2955 ¹

200 3053 329 3119 adhibet
351 3050 569 3128 Quintilianus.

281 3171 319 3253 b)
363 3171 459 3241 Recte
480 3169 623 3237 Halmius
645 3170 846 3237 indicativum
864 3169 1018 3237 restitnit:
1040 3169 1093 3250 xl,
1120 3174 1146 3250 l,
1167 3170 1207 3235 92
1230 3168 1327 3251 „Adi-

99 3301 103 3310 ·
202 3290 345 3356 ciendum
369 3288 471 3356 etiam-
492 3287 629 3354 breviter
658 3289 795 3366 ridetur,
823 3289 905 3372 quod
927 3287 964 3354 fit
984 3293 1020 3354 nt
1047 3288 1169 3354 dicendi
1195 3289 1327 3356 rimatos

200 3409 430 3477 diversissimae
442 3426 503 3474 non
520 3408 623 3474 solum
643 3425 718 3474 suos
736 3407 1049 3486 amatoreshabeant,
1072 3407 1128 3474 sed
1144 3408 1184 3474 ab
1207 3407 1326 3474 eisdem

199 3546 294 3611 saepe
310 3528 523 3600 ¹laudantur.“
567 3527 627 3594 Pro
658 3526 712 3608 „fit
739 3527 792 3592 ut“
821 3526 906 3594 GMS
936 3527 1094 3619 exhibent·
1108 3525 1210 3607 „fiat“,
1242 3526 1326 3592 unde
1434 3551 1435 3558 ¹

199 3646 464 3730 ,‚iere“·effectum
487 3653 535 3714 est
558 3646 589 3712 in
611 3645 801 3713 editiorlibns
822 3647 989 3713 vetenbus.
1045 3661 1053 3676 ·
1365 3731 1369 3740 ¹

284 3765 313 3847 c)
358 3765 512 3831 Omnibus
534 3765 629 3847 locis,
656 3764 712 3831 nbi
740 3764 989 3832 coniunctionem
1012 3765 1130 3847 „quod“
1153 3782 1210 3846 pro
1234 3781 1325 3829 accu-

200 3884 300 3952 sativo
323 3902 392 3949 eum
415 3881 568 3948 infinitivo
593 3884 725 3964 positam
749 3902 820 3953 esse
841 3883 994 3961 vidimus,
1019 3885 1150 3950 verbnm
1176 3881 1325 3948 coniunc-

199 4003 261 4070 tivo
286 4003 378 4070 modo
401 4002 508 4068 datum
531 4007 588 4080 est,
609 4002 663 4084 qui
683 4009 821 4069 emente
843 4002 975 4069 dicentis
985 4001 1177 4092 explicatur.
1221 3997 1326 4066 Semel

201 4127 324 4188 tantum
347 4121 478 4204 legimus
505 4119 723 4188 indicativum:
749 4120 809 4201 x1,
837 4123 873 4203 2,
904 4122 942 4188 12
964 4120 1187 4206 „lSimonidesl
1214 4120 1326 4187 nuntio
