2898 4518
220 1261 300 1426 Ut
322 1357 361 1420 de
384 1355 565 1432 Quintiliani
592 1356 718 1422 dicendi
746 1376 860 1439 genere
887 1356 1097 1439 disputarem,
1126 1356 1262 1437 primum

136 1501 172 1548 eo
195 1484 351 1548 adduutus
375 1491 460 1562 ¹sum,
481 1483 564 1564 qnod
588 1483 846 1549 adiudicandum
870 1487 1066 1566 argenteam,
1094 1499 1187 1562 quam
1208 1499 1264 1545 vo-

137 1619 259 1680 camus,
287 1601 471 1666 latinitatem
500 1601 668 1681 plurimum
691 1602 795 1667 valere
824 1602 996 1667 existimaui
1026 1603 1121 1680 seire,
1147 1598 1264 1680 quibus

134 1720 231 1784 rebus
254 1720 389 1800 scriptor
412 1721 522 1786 aetatis
549 1720 634 1784 illius
657 1720 907 1802 elegantissimus
929 1721 1115 1785 abhorreret
1138 1736 1156 1782 a
1189 1715 1264 1780 seri·
1329 1709 1334 1722 '

135 1838 281 1919 peoribus
300 1856 424 1915 aureae,
446 1843 680 1921 quaereretur,
702 1840 823 1918 aetatis,
846 1838 959 1902 deinde
972 1838 1056 1921 quud
1075 1853 1178 1902 sermo
1196 1834 1264 1898 eius

135 1975 153 2019 a
170 1957 383 2035 grammaticis
400 1957 495 2023 nimis
515 1958 676 2040 neglectus
693 1975 761 2022 esse
781 1957 911 2022 videtur.
956 1957 1066 2039 Itaque
1077 1954 1260 2037 quaestione

136 2074 175 2140 de
197 2074 419 2140 nonnullarum
443 2076 693 2142 onniunetiunnm
712 2075 886 2144 causalium
908 2093 968 2139 usu
990 2075 1143 2152 instituta,
1166 2090 1265 2153 qnan-

136 2198 203 2257 tum
226 2193 259 2256 in
282 2212 332 2257 me
355 2199 448 2272 esset,
478 2195 618 2262 conferre
640 2196 746 2260 studui
769 2196 807 2260 ad
832 2195 924 2259 huius
953 2193 1115 2276 seripturis
1143 2189 1266 2255 dicendi

136 2329 228 2376 usum
258 2313 518 2392 cognoscendum.
563 2312 630 2388 Qua
652 2315 684 2378 in
706 2331 741 2378 re
768 2313 901 2378 multum
924 2328 974 2376 me
998 2299 1114 2378 debere
1144 2308 1266 2384 libello,

43 2495 49 2516 ‚
137 2447 230 2511 quem
264 2429 395 2496 Carolus
422 2431 576 2498 Reussius
605 2433 663 2511 ,rte
695 2432 948 2498 coniunctionum
984 2429 1155 2497 causalium
1183 2424 1267 2508 apud

137 2546 280 2613 Tacitum
303 2552 382 2614 usu“
408 2550 590 2631 conscripsit
612 2549 717 2632 (Haila
741 2552 847 2632 1876),
869 2556 957 2633 grato
981 2551 1085 2616 animo
1107 2546 1266 2632 profiteor.

137 2665 277 2747 Ceteros,
299 2666 353 2749 qni
375 2667 453 2732 mihi
475 2670 547 2736 usui
568 2670 704 2750 luerunt,
726 2669 826 2736 libros
842 2689 898 2737 suo
920 2687 1073 2753 quemque
1095 2668 1163 2734 loeo
1186 2666 1268 2732 indi-

135 2802 210 2850 cam.
