2898 4518
1156 237 1280 328 'aa

151 447 200 509 est
222 441 355 519 excitus,
388 429 562 522 quod'duo
589 439 717 504 iuvenes
751 455 822 502 eum
855 435 1034 502 desiderare
1067 433 1280 514 dicebantur,“

150 563 226 646 unia
241 557 342 628 'verbo
367 560 505 640 „dicare“
529 558 702 626 nuntiantis
725 558 828 638 opinio
850 555 926 623 satis
949 551 1147 636 significatur.
1182 619 1185 628 ,

238 681 272 760 d)
316 678 448 760 Ellipsis
469 679 558 746 verbi
580 681 668 759 „est“
693 682 764 759 post
792 675 913 758 „quod“
942 674 1106 766 statuenda
1132 678 1198 740 est:
1227 672 1280 750 VI,

151 802 181 880 4,
204 801 262 876 213
284 798 336 876 IX,
360 799 389 876 4,
411 799 503 862 48.-
519 796 580 877 ,Xl,
603 798 633 877 3,
659 797 717 860 178
740 795 869 877 legitur:
893 793 1066 874 „Maximos
1086 797 1207 859 actores
1227 809 1280 858 co-

120 971 128 986 .
151 918 355 996 moediarum,
377 915 571 984 Demetrium
593 920 626 980 et
647 913 830 993 Stratoclea,
853 909 977 994 piaoere
999 911 1130 977 diversis
1152 911 1279 976 virtuti-

151 1039 212 1103 bus
245 1035 390 1101 vidimus.
435 1034 497 1100 Sed
530 1033 610 1122 illud
644 1033 748 1099 miuus
777 1034 905 1112 mirum,
933 1029 1016 1112 quod
1045 1029 1124 1095 alter
1151 1029 1227 1100 deos
1250 1035 1282 1096 et

151 1156 279 1220 iuvenes
301 1158 333 1218 et
355 1154 454 1218 bonos
476 1159 582 1236 patres
605 1172 774 1236 servosque
791 1158 823 1218 et
843 1157 1000 1218 matronas
1019 1155 1051 1216 et
1073 1165 1183 1232 graves
1202 1166 1282 1214 anns

117 1275 283 1354 'optima
310 1272 390 1338 alter
410 1290 498 1339 acres
522 1292 627 1352 senes,
656 1274 786 1341 callidos
809 1245 930 1347 servos,
952 1271 1122 1349 parasitos,
1152 1267 1281 1333 lenones

152 1400 185 1458 et
206 1392 311 1458 omnia
326 1369 641 1474 agitatiora⁰melius“.
686 1391 745 1457 Hic
758 1392 888 1456 verbum
902 1389 1001 1470 ,egit‘
1020 1388 1276 1470 praetermissum

152 1531 223 1578 esse
244 1512 307 1576 iam
328 1487 529 1593 Bonnellus¹)
551 1511 726 1578 rectissime
748 1509 933 1576 observavit.
956 1544 996 1556 -

528 1701 563 1772 2.
618 1702 908 1774 coniunctione.

233 1871 264 1948 a)
309 1865 611 1933 Commemoratione
635 1867 749 1948 dignus
771 1867 896 1932 videtur
917 1865 1003 1931 locus
1027 1865 1079 1945 IV,
1101 1869 1131 1943 2,
1156 1865 1203 1942 l't,
1226 1862 1282 1928 ubi

151 1988 303 2070 legimus:
387 2015 400 2036 ·

237 2089 344 2186 „Aliae
366 2122 489 2187 qnoque
512 2111 586 2172 sunt
602 2104 798 2186 pertinentes
814 2103 853 2168 ad
872 2121 1005 2181 oausam,
1028 2101 1090 2168 seu
1106 2099 1281 2180 nonipsius

150 2243 263 2292 causae
285 2219 486 2301 narrationes,
510 2224 557 2289 vel
576 2224 708 2316 exempli
731 2223 838 2304 gratia,
861 2229 895 2289 ut
917 2224 949 2288 in
963 2223 1090 2287 Verrem
1109 2219 1202 2284 deis.
1219 2219 1284 2283 Do-

152 2344 250 2422 mitio,
262 2343 315 2426 qui
326 2349 492 2422 pastorem,
505 2315 589 2423 quod
600 2344 628 2407 is
640 2359 758 2423 aprum,
781 2359 872 2424 quem
892 2341 953 2420 ipsi
973 2341 1092 2404 muneri
1116 2337 1284 2416 obtulerat,

154 2469 315 2544 exceptum
338 2478 448 2526 essee
470 2478 504 2524 se
525 2461 680 2527 venabulo
703 2460 863 2540 confessus
887 2464 983 2538 esset,
1011 2459 1044 2523 in
1067 2475 1187 2522 crucem
1212 2472 1291 2522 sus--

153 2580 254 2646 tulit.“
299 2579 368 2645 Hoc
396 2598 492 2644 unum
516 2580 598 2658 apud
621 2578 847 2656 Quintilianum
871 2578 1045 2659 exemplum
1073 2575 1175 2642 inveni
1199 2573 1283 2638 iilius

154 2717 245 2779 usus,
274 2699 357 2781 quod
380 2717 472 2782 saepe
494 2699 526 2762 in
553 2679 723 2763 enuntiatis
752 2696 960 2773 secundariis,
987 2694 1154 2776 praecipue
1182 2695 1215 2758 in
1235 2692 1285 2772 iia,

153 2835 263 2900 quaea
282 2815 402 2899 „quod“
424 2803 571 2899 pendent,
595 2797 810 2881 coniunctivus
833 2815 960 2896 ponitur
977 2823 1086 2880 eorum
1105 2812 1282 2889 verborum,

153 2957 233 3021 quae
253 2937 394 3019 sequitur
415 2937 610 3002 aecusativus
622 2954 692 3002 eum
710 2934 860 3000 infinitivo
883 2933 932 3015 (ut
953 2935 1110 3014 „putare“,
1137 2931 1285 3012 „dioere“

154 3057 238 3168 aya),
261 3056 400 3139 quamvis
422 3073 486 3122 non
507 3055 566 3120 hoc
587 3056 692 3135 ipsum
724 3057 873 3136 „putare“
897 3053 1034 3153 „dicere“
1059 3050 1214 3118 sententia
1235 3050 1283 3115 al-

154 3177 253 3244 terius
273 3193 343 3242 esse
364 3174 501 3251 dicatur,
530 3172 586 3239 sed
608 3191 663 3253 ea,
694 3191 772 3254 quae
801 3178 968 3255 putantur,
995 3190 1077 3255 quae
1099 3171 1285 3251 dicuntur¹).
1349 3251 1359 3272 .

154 3295 264 3377 Neque
286 3295 385 3374 enim,
404 3292 491 3376 quod
513 3293 674 3358 confessus
699 3299 799 3372 esset,
821 3271 931 3374 aprum
955 3313 973 3356 a
995 3309 1029 3357 se
1052 3288 1207 3356 venabulo
1232 3307 1283 3353 ex-

154 3418 280 3496 ceptum
306 3417 407 3492 esset,
428 3413 461 3477 in
483 3429 605 3478 erucem
629 3411 774 3477 sublatus
797 3417 845 3476 est
866 3416 981 3490 pastor,
1004 3379 1059 3474 sed
1083 3407 1161 3472 illud
1183 3407 1286 3487 „quod

155 3530 359 3610 -confessus
380 3533 483 3600 essett‘
506 3530 641 3610 positum
666 3537 714 3594 est
736 3547 793 3612 pro
816 3528 931 3610 ,‚qnod,
960 3533 997 3593 ut
1028 3525 1188 3592 consessus
1211 3531 1288 3596 erat,
1389 3575 1401 3594 .

119 3703 127 3714 .
154 3667 229 3731 aper
250 3650 290 3714 nb
313 3666 350 3713 eo
371 3649 526 3713 venabulo
550 3653 697 3728 exceptus
721 3655 805 3713 esset
827 3647 889 3730 (vel
915 3648 1082 3758 „erat“)“.·

237 3768 271 3850 b)
315 3766 383 3848 XII,
408 3769 456 3845 10,
480 3768 601 3832 47
632 3784 720 3845 „cum
745 3766 904 3848 eoquod,
933 3767 960 3833 si
974 3785 1043 3860 ,non
1061 3765 1111 3830 *ad
1135 3763 1287 3829 luxuriam

154 3905 190 3954 ao
208 3886 378 3986 ¹libidinem
399 3884 526 3964 referas,
549 3884 658 3980 eadem
678 3869 870 3966 speciosiora
891 3901 1016 3968 quoque
1039 3884 1102 3950 sint
1126 3898 1207 3966 quae
1232 3883 1289 3946 ho-

224 4057 244 4122 ')
262 4053 296 4109 oi
316 4053 382 4107 Lex.
402 4051 491 4120 Quint.
509 4049 707 4120 Prolagomena
725 4051 757 4106 de
777 4050 956 4106 Grammatico
974 4043 1066 4118 Quint.
1084 4067 1111 4117 p.
1130 4012 1257 4104 mvi,

221 4136 427 4203 *ictuatum
444 4135 563 4192 ΜΟ.
580 4152 608 4205 p.
627 4137 691 4191 790.
735 4125 756 4148 “
961 4159 964 4166 .
1220 4129 1225 4136 ›
1336 4121 1382 4146 ι..
