2898 4518
152 181 194 260 lt

150 352 320 445 „Constitit
341 369 445 430 autem
468 351 638 429 fere'i'nter
660 353 785 442 omnes,
808 351 857 444 id,
879 349 911 427 in
934 381 995 445 quo
1017 348 1188 444 prudentia
1209 370 1285 428 ver-

151 488 283 565 saretur,
307 490 338 548 et
360 484 446 566 quod
469 482 594 565 assequi
616 483 727 559 vellet,
750 487 857 563 aptum
882 488 913 577 et
934 483 1199 548 aeoommodatum
1223 501 1285 548 na-

81 671 107 698 „
151 588 241 668 turae
263 620 333 669 esse
357 608 514 683 oportere,
537 608 569 666 et
591 602 670 678 tale,
693 607 727 665 ut
747 601 852 682 ipsum
874 618 930 681 per
953 619 990 706 sq
1005 601 1156 674 invitaret
1180 609 1212 667 et
1233 603 1284 666 al-

150 720 263 786 liceret
284 722 459 802 appetitum
488 720 603 784 animi“
617 765 624 782 .
637 766 664 784 ..
693 719 761 784 Hoo
783 736 906 801 quoque
929 719 998 783 loco
1021 737 1130 786 omnes
1157 722 1282 788 codices

149 838 357 905 indicativum
381 839 529 903 exhibent
550 843 582 902 et
604 836 797 920 intellegitur
819 856 836 902 e
857 838 955 903 totins
978 839 1130 904 enuntiati
1158 841 1282 908 eonfor-

153 959 291 1024 matione
314 957 544 1022 coniunctivum
567 957 770 1038 potentialem
793 958 892 1022 locum
916 959 1033 1023 habere
1056 949 1118 1023 noir
1141 977 1242 1040 posse.
1265 1015 1268 1022 .

237 1077 414 1158 Aliquoties
428 1077 516 1142 verbi
528 1079 633 1156 „esse“
647 1075 764 1141 formae
777 1077 807 1140 in
821 1076 1089 1142 enuntiationibus
1105 1096 1163 1157 per
1173 1079 1284 1160 „quia“

151 1194 337 1261 introductis
360 1195 551 1277 supplendae
575 1199 656 1260 sunt.
703 1193 754 1258 Sic
777 1196 861 1272 „est‘
880 1194 1135 1282 praetermissum
1161 1204 1210 1262 est
1227 1197 1284 1277 lll,

156 1319 204 1392 ll,
229 1319 283 1392 11;
309 1313 368 1392 Vll,
392 1315 421 1392 8,
446 1317 483 1392 63
511 1316 624 1392 ,‚sunt“
647 1313 672 1392 Ι,
695 1315 724 1388 5,
748 1314 796 1376 29.
842 1297 975 1378 Formae
998 1316 1181 1395 verborum,
1203 1335 1285 1399 quae

152 1432 185 1498 ir
210 1434 380 1499 enuntiatis
403 1435 561 1516 primariis
579 1432 701 1514 positae
716 1439 801 1512 sunt,
820 1435 852 1497 in
874 1434 1146 1500 enuntiationibus
1169 1454 1280 1500 socun-
1423 1413 1424 1446 ³

154 1552 249 1617 dariis
273 1553 407 1619 omissae
430 1560 519 1618 sunt:
543 1551 578 1630 V,
604 1557 651 1630 10,
677 1553 717 1616 39
737 1551 906 1632 „privatam
934 1552 1096 1633 pecuniam
1115 1554 1283 1636 sustulisti,

154 1690 263 1764 verum
286 1673 359 1754 quia
382 1674 421 1737 de
444 1672 562 1755 templo
586 1671 845 1759 (so.·sustulistil,
869 1690 930 1736 non
953 1672 1085 1750 furtum,
1107 1673 1163 1737 sed
1187 1675 1284 1738 sucri-

154 1790 272 1872 legium
296 1793 422 1858 est“...
446 1795 501 1856 eto.
551 1791 648 1856 Paulo
672 1791 804 1856 liberius
834 1791 982 1872 scripturn
1006 1797 1068 1856 est:
1091 1791 1133 1868 V,
1163 1798 1213 1871 ll,
1242 1795 1285 1858 35

44 1947 56 1970 .
156 1898 195 1957 έ-
218 1928 310 1991 „nee,
339 1912 366 1976 si
391 1911 488 1976 mutis
508 1909 580 1976 finis
601 1911 761 1992 volupiae,
794 1910 1000 1976 rationalibus
1023 1929 1160 1993 quoque:
1189 1910 1285 1979 immo

40 2099 48 2114 ,
156 2049 193 2096 ex
213 2028 382 2096 contrario:
406 2029 478 2110 quia
501 2029 595 2094 mutis
619 2030 673 2112 (so.
699 2028 769 2094 linis
791 2029 937 2110 voluptas
960 2032 1030 2110 est),
1052 2029 1123 2094 ideo
1145 2049 1207 2094 non
1231 2049 1284 2096 ra-

156 2149 354 2215 tionalibus“.

536 2323 572 2394 2.
627 2305 913 2420 coniunotivus.

242 2491 439 2557 Coniunctivi
470 2491 554 2556 modi
585 2488 741 2570 exempla,
768 2488 823 2554 ubi
846 2495 917 2570 post
938 2490 1049 2573 „quia“
1073 2490 1284 2570 inveniuntur,

56 2669 60 2676 .
158 2610 309 2677 orationis
344 2609 492 2691 obliquae
524 2609 645 2674 ratione
668 2614 723 2674 aut
749 2609 809 2674 alia
836 2627 933 2675 eausa
962 2609 1050 2675 laoile
1081 2609 1284 2692 explicantur.

159 2731 229 2796 Duo
251 2733 355 2794 tamen
378 2728 505 2793 afferam
530 2727 680 2809 exemplu,
704 2727 758 2792 ubi
776 2729 832 2809 pio
855 2727 1060 2808 coniunctivo,
1081 2729 1184 2808 quiin
1201 2728 1286 2794 codi-

157 2850 245 2915 cibus
274 2853 375 2912 exstat
362 2846 596 2924 ts'Halmius
588 2866 620 2910 m
650 2845 850 2911 adnotatione
882 2846 1083 2913 indicativum
1111 2847 1285 2929 proposui,

157 2967 245 3033 ouius
267 2968 314 3031 rei
337 2986 477 3033 oausam
487 2965 653 3050 equidem
656 2983 718 3029 non
740 2965 897 3048 intellego.

241 3085 302 3164 Vll,
325 3089 354 3164 3,
382 3087 423 3150 30
446 3085 525 3167 „Sed
550 3085 644 3152 etiam
668 3103 705 3150 ex
727 3085 882 3151 contrario
910 3057 1093 3166 argumenta
1122 3086 1285 3166 ducuntur,

83 3221 91 3235 ·
157 3209 194 3272 ut
157 3205 242 3273 usi
264 3210 442 3288 quaeratur,
467 3205 653 3272 amatorium
670 3188 825 3270 uenenum
839 3204 879 3269 sit
896 3221 953 3268 neo
969 3221 1018 3283 ne,
1040 3203 1113 3286 quia
1131 3224 1282 3270 venenum

157 3324 344 3392 amatorium
367 3342 429 3390 non
453 3326 521 3390 sit“.
568 3323 807 3389 Coniunctivum
837 3322 971 3403 scriptor
993 3324 1100 3404 posuit
1121 3343 1159 3390 ex
1185 3324 1285 3405 opini-

158 3461 218 3510 one
240 3443 465 3525 quaerentium.

244 3560 394 3626 Similiter
420 3560 476 3638 lX,
504 3563 539 3640 2,
574 3563 609 3626 12
638 3563 716 3641 „Est
749 3563 852 3646 aliqua
886 3563 980 3628 etiam
1002 3563 1035 3627 in
1065 3561 1284 3643 respondendo

157 3678 271 3761 figura,
301 3696 370 3742 oum
399 3678 498 3750 aliud.
513 3680 721 3762 interroganti
744 3682 783 3746 ad
813 3681 909 3762 aliud,
932 3658 1010 3764 'quia
1033 3681 1076 3745 sio
1106 3681 1213 3748 utilius
1236 3684 1286 3762 sit,

158 3798 408 3866 oooumitur‘...
454 3797 502 3862 Ne
524 3799 575 3864 hio
597 3800 721 3881 quidem
751 3799 967 3870 coniunetivus
995 3800 1158 3882 quicquam
1188 3799 1286 3866 offen-

157 3917 256 3983 sionis
278 3917 388 3992 habet,
414 3915 503 3982 cuius
525 3916 574 3983 ris
596 3937 613 3982 e
636 3925 740 3984 mente
762 3920 848 4000 eius,
869 3920 924 4002 qui
946 3918 1154 4000 interroganti
1177 3936 1285 3985 ooour-

157 4036 209 4118 rit,
230 4035 321 4136 laoile
341 4035 539 4116 perspicitur.
