2898 4518
36 243 207 318 -dd

152 419 363 514 lacilimtem.“
406 411 538 502 Ellipsis
565 417 611 486 ita
637 415 712 486 mibi
742 417 896 504 explenda
925 419 1065 490 videtur:
1093 421 1177 504 „nisi
1201 423 1285 506 quod

155 539 334 606 facilitatem
357 538 534 621 quaerimus
556 557 614 605 nos
636 539 668 603 in
692 541 769 606 bono
801 543 1002 624 sententiam,
1029 542 1124 609 nimis
1145 539 1284 609 difficilia

160 675 231 726 esse
263 657 412 724 nonnulla
443 657 554 736 uerba,
584 657 727 724 adducit“
750 657 951 744 („allerdings
973 660 1118 726 verleitet
1144 679 1203 727 uns
1231 659 1287 725 der

160 776 324 856 Umstand,
346 776 420 841 dass
443 775 498 840 uir
519 775 732 858 Leichtigkeit
748 776 804 842 der
821 777 1029 860 Wortltlgung
1052 779 1224 857 erstreben,
1246 796 1285 842 nu

161 896 217 963 der
240 895 382 972 llnsicht
404 893 507 975 einige
529 892 637 960 Worte
659 894 746 961 scien
768 915 808 961 cn
829 897 951 979 raub.“)

246 1012 364 1080 contra
391 1029 516 1093 semper
545 1029 641 1093 parva
670 1011 788 1095 ellipsis
811 1014 894 1084 inest
920 1015 953 1080 in
982 1015 1021 1082 iis
1049 1015 1143 1096 locis,
1170 1015 1286 1100 quibus

162 1132 321 1216 praecedit
343 1131 539 1199 enuntiatum
565 1131 751 1197 sententiam
774 1133 948 1215 exprimens
966 1131 1180 1200 affirmativam
1197 1140 1233 1200 ut
1248 1133 1288 1216 11,

167 1254 213 1331 15,
237 1253 276 1316 35
298 1250 404 1331 „Idem
427 1249 523 1315 1511111
534 1255 567 1314 51
583 1247 655 1314 linis
668 1250 726 1314 hoc
744 1251 838 1316 modo
857 1269 1056 1334 conprensus,
1078 1235 1288 1333 „persuadere

161 1369 245 1453 quod
267 1369 439 1452 oporteat“,
461 1368 522 1434 nisi
543 1367 623 1450 quod
649 1375 747 1435 artem
771 1367 810 1435 ad
833 1370 947 1436 exitum
970 1369 1106 1453 alligat“

247 1486 270 1567 1,
297 1489 326 1568 4,
350 1489 386 1566 93
407 1487 463 1568 111,
487 1488 516 1564 6,
538 1487 596 1568 435
619 1485 655 1565 V,
682 1489 728 1567 11,
755 1491 808 1571 17;
830 1486 899 1568 Vll,
922 1489 952 1570 2,
975 1490 1033 1572 563
1053 1488 1106 1569 IX,
1128 1490 1159 1568 2,
1180 1491 1229 1554 59.

249 1605 412 1686 Quomodo
435 1589 534 1672 oratio
557 1605 733 1686 supplenda
750 1607 801 1688 sit,
822 1605 912 1674 facile
934 1606 1137 1690 intellegitur.
1180 1606 1286 1688 Finge,

162 1743 256 1793 voces
279 1725 366 1806 illus,
395 1744 474 1807 quae
497 1723 528 1788 in
552 1725 711 1792 enuntiato
733 1726 896 1808 principali
918 1724 1100 1792 affirmative
1121 1743 1287 1807 expressae

174 1854 256 1924 sunt,
279 1846 313 1912 in
347 1846 506 1910 enuntiato
533 1863 552 1910 a
579 1845 658 1924 „nisi
690 1846 792 1928 quod“
814 1845 969 1926 pendente
999 1844 1143 1926 negative
1169 1843 1287 1927 positas

169 1983 238 2032 esse
261 1964 310 2030 uel
340 1964 402 2030 tale
425 1963 573 2046 quiddam
596 1968 630 2028 ut
653 1963 914 2046 „discrepantiam
940 1963 1033 2031 lacit“
1060 1969 1197 2042 exstare,
1223 1964 1285 2029 iarn

162 2084 293 2149 babebis
316 2083 501 2149 sententiam
524 2081 677 2164 expletam
699 2088 731 2149 et
752 2081 927 2163 perrectum.
950 2120 990 2134 -
1198 2159 1203 2168 ⁵

250 2202 436 2282 „Tantum
458 2202 577 2283 quod“
600 2198 680 2282 apud
691 2198 916 2277 Quintilianum
928 2201 1203 2268 semelinuenitur:
1218 2199 1288 2281 Xll,

162 2323 192 2402 2,
213 2323 264 2401 31,
287 2320 315 2386 si
338 2320 441 2401 verba,
463 2325 496 2385 ut
514 2319 553 2386 ab
573 2318 698 2384 Halmio
723 2320 809 2386 edita
824 2324 906 2399 sunt,
928 2319 1103 2401 accipimus.
1127 2355 1167 2370 -
1189 2318 1287 2397 Quin-

165 2441 296 2507 tilianus
329 2445 507 2522 postquam
523 2438 602 2505 dixit
633 2439 749 2505 oratori
782 2455 910 2507 necesse
932 2457 1002 2506 esse
1033 2437 1195 2506 materiam
1225 2437 1286 2504 sibi

165 2576 290 2626 sumere
313 2559 476 2624 maximam
499 2575 653 2641 quamque
669 2575 706 2624 ac
726 2564 840 2624 natura
850 2557 1090 2641 pulcherrimam
1113 2564 1149 2624 ut
1165 2559 1203 2623 de
1225 2558 1286 2624 nir·

164 2683 248 2774 lule,
278 2677 316 2741 de
338 2676 514 2759 republica,
542 2676 581 2741 de
601 2676 810 2758 providentia,
832 2677 872 2742 de
894 2677 1015 2761 origine
1036 2677 1226 2757 animorum,
1248 2676 1287 2740 de

163 2795 310 2876 amicitia,
333 2813 435 2878 neque
458 2813 495 2860 ea
516 2793 617 2860 solum
640 2812 732 2862 nosse
744 2802 776 2862 et
795 2796 897 2862 animo
919 2813 1043 2878 semper
1063 2795 1191 2879 agitme,
1208 2811 1287 2876 qnae

167 2916 284 2982 talibus
317 2914 488 2997 disciplinis
521 2915 753 2994 contineantur,
782 2914 839 2980 sed
870 2915 971 2998 magis
991 2912 1091 2981 'etiam
1123 2931 1203 2996 quae
1225 2913 1289 2980 sint

167 3034 282 3101 tradita
304 3035 475 3116 antiquitus
499 3032 581 3100 dicta
603 3051 639 3100 ac
660 3032 740 3099 lacta
762 3033 981 3115 1151551515,-
995 3032 1111 3116 pergit:
1134 3033 1287 3114 „Tantum

171 3154 254 3238 quod
277 3172 339 3219 non
363 3153 496 3234 cognitis
518 3152 572 3218 ille
592 3153 687 3222 rebus
710 3153 918 3236 adquieverit,
939 3153 993 3236 qui
1015 3171 1078 3219 non
1100 3153 1193 3218 modo
1215 3171 1287 3235 pro·

162 3272 280 3338 nimum
305 3277 428 3353 tempus
452 3271 614 3362 lucemque
635 3280 831 3355 praesentem
855 3272 969 3338 intueri
990 3272 1067 3338 satis
1089 3271 1210 3352 medat,
1233 3272 1289 3338 sed

165 3409 289 3457 omnem
312 3389 505 3474 posteritatis
527 3391 708 3458 memoriam
731 3393 866 3472 spatium
889 3391 971 3456 ritae
992 3389 1144 3457 honestae
1165 3396 1198 3457 et
1218 3407 1288 3457 cur·

168 3511 301 3577 riculum
325 3509 428 3577 laudis
456 3510 710 3577 existimet“..'..
739 3547 778 3560 -
808 3508 860 3576 Sic
887 3509 926 3578 ab
948 3507 1073 3575 Halmio
1100 3509 1177 3576 haec
1203 3509 1288 3575 editn
1368 3517 1371 3526 '

171 3635 252 3695 sunt.
295 3628 385 3695 Libri
407 3635 512 3696 autem
534 3629 683 3695 exhibent
704 3629 797 3696 baec:
828 3631 869 3696 B:
901 3634 1022 3696 tantum
1044 3629 1128 3711 quod
1150 3647 1212 3694 non
1234 3647 1287 3696 co·
1361 3607 1366 3624 ’

172 3747 275 3830 gnatis
287 3746 339 3812 ide
350 3747 446 3814 rebus
468 3747 642 3826 admoneri3
666 3748 703 3814 b:
725 3751 953 3833 tantum-quod
974 3765 1038 3814 non
1059 3749 1183 3828 55511511
1206 3745 1289 3814 side-

163 3864 252 3931 ribus
280 3864 394 3931 enveri.
419 3900 459 3913 -
483 3863 683 3949 Spaldingius
713 3865 826 3949 edidit,
860 3867 899 3933 ad
928 3866 1068 3932 codicum
1101 3865 1287 3948 scripturam

162 3983 303 4066 proxime
325 3983 492 4049 accedens:
514 3989 698 4067 tantumque
718 4003 782 4051 non
805 3985 945 4068 cognatis
967 3983 1000 4049 id
1021 4003 1039 4051 e
1060 3983 1155 4050 rebus
1177 3982 1286 4050 admo·

160 4103 346 4191 neri-sciet5
378 4101 552 4170 Bonnellcs
579 4102 613 4170 in
639 4103 696 4171 lex.
716 4088 722 4100 ’
740 4102 845 4182 Quint.
877 4123 909 4189 p.
941 4106 1008 4170 ι8117
1035 4102 1185 4174 coniecit:
1216 4111 1288 4172 ton·
