2898 4518
164 251 207 318 ld

165 424 297 502 pugnet,
325 426 431 488 tamen
453 421 546 488 alieni
574 421 722 506 quiddam
746 439 821 504 prae
845 437 878 484 se
900 417 974 500 fert,
1001 418 1074 501 quia
1096 419 1288 503 plemmque,

164 559 234 608 cum
256 559 339 622 „non
361 541 461 622 quia“,
485 561 565 621 „non
583 525 916 624 qood“'adbibemus‚
944 558 1006 603 non
1028 541 1118 605 abest
1136 521 1294 621 suspicio,

163 659 279 728 falsam.
295 679 422 740 causam
444 662 619 746 supponit.

249 779 283 860 b)
327 778 549 846 coniunctivae
570 779 643 862 post
665 799 746 860 „non
769 780 861 862 quia“
884 779 969 861 apud
996 778 1223 855 Quintilianum
1247 779 1296 843 in-

162 898 288 964 venitur
308 897 465 964 undecies.
509 898 529 977 l,
552 901 582 978 4,
605 901 624 962 6
647 899 713 976 „Ne
736 901 806 982 quis
829 900 925 980 igitur
947 906 1103 980 tamquam
1131 917 1228 980 parva
1250 897 1294 962 ia·
1430 788 1433 982 ⁴

164 999 273 1082 itidiat
294 1019 510 1098 grammatices
542 1018 710 1097 elementa,
743 1037 806 1084 non
838 1018 911 1100 quia
939 1035 1068 1100 magnae
1103 1019 1146 1082 sit
1173 1035 1324 1097 operae·
1432 999 1433 1026 ¹

164 1117 373 1202 consonantes
395 1155 415 1202 a
437 1136 597 1203 vocalibus
619 1136 798 1202 discernere
820 1117 967 1219 ipsasque
990 1155 1043 1201 eas
1066 1137 1097 1201 in
1121 1136 1293 1202 semivoca-

163 1254 240 1320 lium
267 1273 434 1320 numerum
463 1263 680 1337 mutarumque
703 1229 830 1336 pantini,
858 1255 913 1318 sed
936 1256 1009 1336 quia
1034 1255 1185 1320 interiora
1207 1255 1294 1319 velut

163 1373 243 1438 sacri
265 1373 360 1438 buius
382 1374 573 1441 adeuntibus
595 1374 762 1456 apparebit
784 1374 882 1439 multa
901 1391 1006 1438 rerum
1030 1374 1206 1438 subtilitas
1223 1421 1230 1435 .

136 1491 275 1572 ‚pono
299 1492 354 1573 tv,
378 1499 405 1573 1,
427 1495 484 1572 11,
506 1469 560 1571 vi,
585 1497 613 1573 3,
642 1494 693 1574 re,
722 1493 753 1566 1,
776 1494 843 1574 4o3„
859 1492 943 1574 vm,
966 1495 995 1572 1,
1022 1495 1075 1568 ιο;
1107 1492 1160 1572 1x,
1182 1494 1211 1570 1,
1234 1494 1294 1566 eo

117 1588 124 1603 ’
163 1609 193 1687 4,
219 1611 295 1688 1333
316 1609 385 1691 XII,
411 1618 456 1692 11,
484 1619 516 1690 1;
542 1617 588 1691 11,
616 1613 667 1693 te,
689 1613 721 1675 in
740 1611 880 1678 oratione
898 1611 1040 1694 obliqua:
1065 1611 1088 1690 1,
1109 1613 1139 1692 6,
1161 1579 1220 1692 2⁶95
1247 1614 1294 1688 10,

164 1731 194 1792 b.
216 1763 257 1775 -
279 1728 434 1796 Omnibus
457 1732 508 1797 bis
531 1731 609 1797 locis
631 1748 740 1811 causa,
771 1749 851 1814 qnae
880 1749 936 1810 per·
959 1745 1042 1807 „non
1069 1728 1161 1810 quia“
1191 1730 1294 1793 intro-

163 1846 302 1928 ducitur,
330 1867 349 1912 a
375 1849 507 1915 veritate
530 1850 705 1936 abhorret,
727 1851 773 1914 ita
794 1856 829 1913 nt
856 1847 1073 1913 continuativas
1103 1847 1296 1928 postuletur.

163 1964 233 2042 Qua
255 1966 295 2032 de
318 1981 412 2035 causa
434 1967 486 2047 VI,
512 1972 540 2048 3,
567 1973 603 2032 18
626 1985 758 2049 quoque,
780 1968 833 2033 ubi
857 1967 931 2032 libri
953 1966 1157 2032 indicativum
1180 1969 1303 2045 ‚,sunt“-

29 2145 45 2168 ,
163 2087 324 2167 praebent,
347 2105 364 2152 e
387 2086 520 2153 Gesneri
547 2087 725 2152 coniectura
755 2087 856 2167 „oinc‘
885 2091 968 2150 recte
996 2086 1029 2151 in
1060 2091 1177 2152 textum
1207 2104 1294 2152 rece-

164 2212 251 2290 ptum
274 2211 330 2272 est.

248 2324 317 2406 XII,
343 2327 390 2404 11,
415 2326 468 2390 16:
490 2323 598 2401 „Quod
620 2344 683 2390 non
703 2323 837 2399 ecdico,
860 2324 949 2405 qnasi
970 2324 1012 2389 sit
1028 2341 1175 2406 umquam
1200 2323 1295 2389 omit-

163 2444 260 2510 tenda
281 2441 403 2509 dicendi
421 2443 615 2521 exercitatio,
637 2443 693 2510 sed
714 2445 789 2525 quia
810 2462 874 2507 non
897 2443 933 2507 iu
953 2460 1014 2508 una
1036 2444 1079 2510 sit
1095 2443 1162 2510 eius
1185 2444 1292 2524 specie

162 2563 477 2629 consenescendum“.
522 2559 573 2627 Sic
594 2562 746 2642 Halmius,
768 2563 822 2644 qui
851 2560 975 2642 „quasd‘
1008 2563 1041 2626 in
1072 2567 1156 2626 textu
1180 2563 1294 2643 posuit,

161 2700 233 2748 cum
255 2681 322 2746 cod.
346 2680 374 2747 G
397 2683 505 2763 „qua“,
528 2679 599 2746 MS
620 2688 652 2746 et
675 2682 744 2746 lect
763 2681 845 2762 vulg.
865 2681 975 2761 „quia“
998 2681 1180 2760 praebeant.
1224 2678 1292 2756 Qua

161 2804 194 2868 in
216 2820 251 2867 re
273 2800 341 2867 viro
370 2799 551 2866 doctissimo
575 2800 722 2864 assentiri
745 2799 813 2868 nod*
828 2819 966 2886 possum.
1011 2798 1142 2864 (iod-G
1165 2799 1195 2862 in
1219 2798 1291 2862 uni·
1415 2777 1425 2794 ⁶

160 2921 287 2989 versum
309 2919 434 3004 quidem
464 2918 623 2985 codicibus
652 2918 686 2983 M
716 2926 748 2984 et
770 2919 791 2984 S
819 2925 977 3001 praestat,
1005 2919 1066 2983 hoc
1093 2923 1198 2982 antem
1223 2917 1288 2982 loco

120 3057 131 3076 ·
161 3040 307 3107 Halmius
330 3041 358 3105 ei
386 3040 518 3105 nimium
545 3038 695 3104 tribuisse
723 3036 856 3102 videtur.
901 3036 979 3102 Nam
1009 3056 1091 3117 „non
1114 3055 1151 3103 eo
1180 3037 1292 3118 quasi‘

161 3153 315 3242 nusquam
343 3158 420 3223 alibi
447 3158 530 3239 apud
558 3157 785 3235 Quintilianum
814 3157 938 3237 inveni,
959 3157 1023 3223 sed
1051 3157 1162 3222 eadem
1190 3156 1287 3222 verba

120 3339 128 3354 ,
160 3283 254 3360 atque
275 3278 329 3343 hic
350 3277 454 3361 ‚mund
476 3295 539 3342 non
561 3296 598 3344 eo
622 3277 706 3354 dico,
728 3276 820 3359 quia“
842 3275 976 3358 legimus
999 3276 1053 3356 IX,
1075 3278 1104 3352 4,
1127 3275 1179 3340 20.
1225 3276 1288 3340 lta-

160 3413 221 3481 que
244 3396 387 3479 equidem
410 3397 560 3468 meiorem
583 3395 676 3461 fidem
705 3395 807 3460 babeo
835 3391 995 3459 codicibus
1018 3394 1052 3459 M
1075 3402 1107 3460 et
1131 3393 1169 3473 S,
1196 3412 1289 3476 prae-

161 3517 270 3584 sertim
293 3533 362 3580 cum
386 3514 541 3594 scriptura
562 3514 678 3580 codicis
701 3512 729 3578 G
750 3515 849 3597 „qua“
873 3530 936 3577 non
955 3513 1057 3578 rninus
1073 3513 1164 3578 111111
1187 3519 1288 3578 mute·

158 3641 224 3700 tur·
233 3634 266 3699 in
289 3634 398 3716 „quia“
422 3650 516 3714 quam
536 3632 570 3697 in
593 3633 734 3714 „quasi“,
757 3635 789 3695 et
810 3629 978 3696 lectionem
1005 3631 1163 3715 vulgatam
1186 3633 1288 3716 „quod

160 3770 223 3818 non
246 3769 283 3817 1ο
308 3752 394 3831 dico,
416 3751 507 3834 quia“
534 3750 730 3817 retinendam
752 3738 822 3818 es'se
850 3765 975 3815 censeo.
998 3785 1038 3796 -

246 3867 350 3935 Semel
361 3870 484 3954 legitur,
498 3877 533 3934 ut
544 3870 603 3934 hoc
616 3868 739 3951 addam,
752 3888 808 3950 pro
823 3869 1002 3951 ,1111111ιι
1015 3885 1096 3949 „non
1111 3868 1228 3951 quod‘:
1252 3869 1289 3948 V,

230 4024 253 4087 ¹)
271 4021 334 4075 Non
351 4021 404 4074 huc
426 4019 561 4088 pertinent
578 4020 641 4087 loci,
666 4019 714 4074 nbi
738 4019 835 4088 legitur
861 4037 935 4089 „non
956 4026 1058 4076 nomm
1080 4019 1162 4090 quia“
1186 4019 1228 4088 (V,
1248 4021 1287 4087 13,

159 4108 223 4174 293),
241 4103 312 4172 ‚,iron
329 4104 420 4161 solum
437 4104 515 4173 quia“
534 4103 568 4174 (1,
585 4109 609 4172 3,
627 4107 655 4171 81
672 4102 735 4175 Xll,
754 4108 794 4172 10,
812 4108 859 4171 a).
