2898 4518
1112 297 1118 312 ‘
1247 291 1287 364 al

163 459 325 540 indignum
350 464 452 522 tamen
482 464 531 524 est
560 460 688 524 homine
716 459 854 538 liberali,
882 459 965 543 quod
995 463 1049 526 aut
1075 459 1210 544 turpiter
1232 464 1287 526 aut

162 584 309 661 potenter
339 579 467 644 dieitur:
501 579 584 662 quod
606 579 717 645 iecisse
750 579 903 663 quendam
939 579 1017 658 scio,
1045 579 1098 661 qui
1125 578 1286 645 humiliori

161 698 262 762 libere
284 698 434 764 adversus
456 717 490 763 se
512 699 662 779 loquenti,
686 699 884 792 „colaphum,
907 699 1017 782 inquit,
1040 698 1098 764 tibi
1122 697 1232 763 ducam
1256 703 1287 764 et

163 817 326 880 formulam
350 817 482 894 scribes,
509 817 592 897 quod
618 822 709 898 caput
731 819 841 882 durum
866 818 1010 884 habeas“.
1053 816 1112 882 Hic
1129 817 1210 882 enim
1230 815 1288 880 du-

164 935 249 999 bium
272 940 334 1012 est,
368 941 470 999 utrum
500 935 603 999 ridere
638 935 802 1000 audientes
831 955 877 1001 an·
905 936 1059 1016 indignari
1093 934 1286 1000 debuerint“

164 1053 243 1124 Nam
273 1053 455 1133 „formulam
490 1054 628 1119 scribes“
657 1055 735 1119 nihil
768 1054 851 1120 aliud
881 1061 931 1120 est
961 1055 1023 1119 uisi
1050 1053 1207 1133 „scribes“
1236 1052 1286 1119 vel

160 1174 264 1253 potius
285 1172 502 1252 „testaberis“,
525 1177 596 1252 post
625 1173 708 1253 quod
735 1180 949 1253 exspectamus
978 1173 1187 1239 accusativum
1215 1190 1284 1239 cum

160 1289 322 1356 infinitivo.
777 1285 781 1294 ’

247 1407 312 1486 Vll,
336 1410 364 1486 4,
392 1410 428 1472 12
452 1407 550 1488 „Nam
573 1411 605 1472 in
639 1409 870 1490 comparatione
904 1409 1057 1476 mulorum
1086 1410 1159 1476 honi
1183 1411 1284 1476 iocum

160 1527 284 1594 obtinet
306 1527 415 1607 levius,
438 1534 473 1593 ut
495 1529 522 1594 si
546 1527 708 1592 Mancinus
732 1528 841 1595 ioedus
863 1529 1090 1594 Numantinum
1112 1528 1157 1595 sie
1179 1529 1285 1593 deien-

160 1647 228 1723 dat,
258 1647 341 1727 quod
374 1647 550 1726 periturus,
573 1647 633 1722 nisi
655 1646 687 1711 id
710 1647 823 1711 tactum
848 1654 946 1726 esset,
972 1647 1067 1714 fuerit
1100 1648 1283 1716 exercitus.“

160 1765 316 1828 Defendet
341 1793 376 1818 =
402 1764 571 1829 defendens
594 1765 686 1830 dicat
730 1765 781 1830 Sic
803 1765 988 1832 aGicerone
1004 1767 1133 1833 verbum
1158 1766 1284 1847 „deleu-

148 1867 253 1947 'dere“
284 1883 410 1964 saepius
439 1882 607 1948 adhibetur
641 1889 790 1965 sequente
823 1886 999 1950 accusativo
1026 1904 1105 1949 enm
1122 1883 1284 1964 infinitivo,

122 2073 123 2078 ,
158 2009 194 2066 ut
213 2001 253 2066 de
275 1998 326 2066 fin.
350 1999 407 2080 ΙΙΙ,
429 2002 479 2078 21,
504 2004 539 2065 71
567 2001 840 2084 „Gravissimeque
859 2009 890 2067 et
910 2003 1074 2068 verissime
1096 2003 1283 2083 detenditur,

157 2137 314 2200 uunquam
339 2119 525 2202 aequitatem
550 2121 589 2184 ab
612 2121 748 2187 utilitate
770 2140 864 2202 posse
886 2123 1036 2204 seiungi.“

246 2239 316 2317 Vll,
341 2243 376 2319 2,
399 2240 433 2303 31
461 2238 585 2318 „Facile
606 2240 829 2319 respondetur,
857 2238 904 2304 vel
926 2240 1009 2322 quod
1032 2241 1136 2306 omnia
1153 2227 1284 2307 'scelera

156 2357 188 2418 in
213 2358 310 2422 malos
332 2357 444 2422 cadant
465 2358 598 2439 ideoque
622 2375 715 2438 saepe
738 2358 890 2438 deprensa
913 2359 988 2436 sint,
1016 2359 1064 2423 vel
1092 2359 1183 2441 quod·
1203 2358 1284 2424 iudi-

157 2492 251 2556 gnum
275 2476 318 2542 sit
339 2476 468 2541 crimina
490 2476 559 2557 ipsa
582 2477 746 2540 atrocitate
769 2475 922 2541 detendi.“

242 2577 394 2660 Similiter
416 2593 468 2672 ΙΙΙ,
495 2598 520 2673 Ι,
544 2597 584 2658 82
608 2593 687 2672 „Hie
707 2595 803 2676 igitur
822 2594 920 2659 multa
943 2613 1005 2660 non
1028 2594 1210 2660 deformiter
1233 2595 1282 2662 di-

158 2718 221 2777 cet:
254 2713 303 2778 vel
323 2712 406 2794 quod
434 2713 570 2779 omnium
594 2715 636 2778 sit
664 2719 771 2778 votum
800 2718 980 2793 parentum,
1016 2719 1049 2778 ut
1079 2713 1284 2794 honestiores,

157 2848 250 2913 quarn
273 2831 336 2897 sint
357 2831 435 2912 ipsi,
456 2831 575 2896 liberos
597 2833 736 2896 habeant
745 2880 834 2910 .....
863 2831 914 2896 vel
937 2833 1019 2915 quod
1043 2831 1193 2898 humilior
1215 2834 1283 2912 ipse

158 2949 252 3014 tuerit
252 2995 341 3029 .....
363 2951 413 3015 vel
435 2951 519 3033 quod
542 2969 603 3014 non
627 2951 775 3016 habuerit
797 2956 916 3032 patrem
938 2950 992 3032 qui
1018 2951 1221 3016 moneret..“
1243 2984 1282 2997 -

243 3067 345 3135 Semel
373 3070 506 3151 legimus
529 3069 650 3152 ‚,quod“
679 3076 751 3151 post
779 3070 1007 3136 substantivum
1031 3069 1206 3149 ,‚unntius“,
1229 3067 1284 3134 ubi

158 3188 352 3253 aecusativus
376 3193 449 3253 'eum
477 3186 630 3255 infinitivo
667 3189 918 3265 usitatiorem:
952 3187 1010 3267 ΧΙ,
1044 3190 1078 3269 2,
1114 3188 1152 3252 ΙΙ
1185 3188 1283 3268 ,Nam

157 3323 226 3371 curn
256 3313 341 3371 esset
368 3307 486 3389 grande
515 3307 687 3372 convivium
710 3307 743 3372 iu
773 3308 922 3372 honorem
952 3307 1090 3372 eiusdem
1125 3306 1284 3388 victoriae,

157 3423 318 3489 adhibitus
348 3425 378 3490 ei
407 3443 502 3492 cenae
526 3425 703 3490 Simonides
731 3425 841 3491 nuntio
864 3432 913 3490 cst
940 3405 1072 3504 excitus,
1105 3426 1187 3507 quod
1212 3443 1283 3491 eum

158 3542 220 3606 duo
244 3543 372 3608 iuvenes
395 3542 483 3625 equis
507 3543 628 3610 advecti
658 3542 838 3608 desiderare
860 3545 1005 3608 maiorem
1029 3545 1064 3606 in
1087 3543 1213 3608 modum
1238 3543 1284 3608 di·

157 3662 337 3726 cebautur.“
384 3658 427 3724 Oi.
451 3659 511 3726 Cic.
536 3661 574 3725 ad
596 3661 667 3726 iam.
689 3661 735 3737 ll,
761 3663 797 3726 19
822 3660 917 3741 „Cum
947 3662 1177 3742 optatissimum
1201 3682 1282 3728 nun·

158 3778 236 3845 tium
259 3780 457 3860 accepissem,
480 3784 512 3844 te
535 3779 610 3844 mihi
631 3785 828 3860 quaestorem
852 3778 1101 3861 obtigissa“....
1126 3815 1163 3828 -

518 3994 928 4026 VWWNNWVVVVVV
