2898 4518
1252 246 1296 328 13³

163 446 234 504 cum
256 424 283 503 is
307 424 417 504 modus
441 425 560 518 aliquid
581 425 653 523 noui
675 439 716 530 et,
729 432 862 502 inauditi
886 434 1006 499 habere
1028 431 1179 510 videatur,
1201 450 1292 496 accu-

62 587 73 610 ·
163 557 264 626 ratius
286 555 468 639 perquirere
490 554 591 619 liceat.
619 542 702 620 ’δῖοι
731 555 786 632 lv,
820 559 850 634 l,
881 556 921 618 65
944 531 1072 636 „Neque
1094 550 1178 616 enim
1206 549 1291 616 istud

33 685 40 690 '
164 676 332 756 scriptores
355 674 480 752 artium,
501 672 574 754 quia
596 691 658 737 non
681 673 792 752 liceat,
815 671 867 738 sed
893 672 1050 754 quianon
1074 675 1184 751 putent
1205 669 1293 750 utile,

164 797 299 861 retentu
343 794 439 858 ltcm:
464 790 512 870 Vl,
536 793 564 867 3,
587 791 732 871 483v11,
756 797 785 872 3,
807 794 839 874 93
867 790 916 869 lX,
942 796 968 868 1,
991 791 1048 867 233
1071 790 1113 866 4,
1139 790 1212 867 1333
1241 789 1294 853 Xll

131 947 141 963 ·
167 919 215 994 ll,
242 916 286 977 16.
311 948 351 958 -
375 909 520 976 Halmius
541 896 697 974 omnibus.
714 910 764 976 his
785 910 863 978 locis
885 909 917 974 in
948 907 1149 974 adnotatione
1171 889 1292 974 indica-

163 1032 259 1100 tivum
294 1029 456 1114 praetulit,
485 1029 561 1112 quin
590 1029 687 1094 eliam
713 1028 781 1102 Vll,
809 1029 843 1109 3,
873 1031 891 1094 9
920 1027 1120 1094 indicativum
1154 1030 1239 1108 ,‚est“
1261 1027 1293 1092 in

165 1156 284 1216 textum
307 1149 434 1230 recepit,
456 1133 559 1214 neseio
583 1165 644 1229 quo
667 1147 744 1226 iure,
766 1167 838 1213 nam
860 1147 912 1212 hic
928 1147 1018 1213 locus
1040 1146 1127 1213 nulla
1148 1165 1184 1212 re
1207 1165 1294 1212 ace-

164 1268 241 1334 teris
274 1267 388 1334 differt.
434 1266 497 1332 Sed
526 1285 595 1332 mea
625 1265 751 1347 quidem
779 1266 936 1332 sententia
967 1247 1126 1332 attractio*
1141 1267 1294 1348 quaedam

102 1471 114 1490 Ο
165 1387 327 1455 modorum
351 1385 518 1452 statuenda
540 1391 597 1463 est,
621 1403 682 1466 qua
704 1383 850 1465 efficitur,
873 1392 909 1450 ut
930 1383 1161 1462 coniunctium,
1184 1385 1294 1465 quiin

165 1506 325 1571 enuntiato
348 1524 367 1570 a
390 1522 471 1585 „non
499 1492 589 1584 quid‘
623 1504 781 1586 pendente
814 1504 882 1569 iure
910 1505 1032 1586 positus
1054 1511 1125 1584 est,
1154 1505 1294 1570 inillam

165 1643 289 1708 quoque
318 1624 564 1690 enuntiationem
587 1624 728 1705 irrepat·
760 1622 922 1705 Nusquam
951 1624 1026 1690 alibi
1049 1625 1133 1689 huuc
1162 1642 1295 1690 usnma

166 1762 225 1812 me.
245 1744 443 1810 observatum
465 1761 535 1809 esse
562 1741 652 1812 facile
680 1744 831 1823 concedo,
863 1749 1059 1808 tamencum
1088 1742 1172 1808 nullo
1203 1742 1294 1809 modo

131 1897 139 1914 ·
167 1881 298 1945 prorsus
327 1882 344 1928 e
372 1862 561 1948 Quintiliani
584 1861 675 1928 libris
704 1861 894 1941 eiciendum,
922 1861 977 1926 sed
1007 1861 1103 1928 huius
1133 1861 1297 1943 scriptoris

169 1982 329 2064 proprium
352 1981 594 2050 existimandum
617 1999 686 2047 esse
709 1981 846 2046 libenter
868 1980 947 2045 mihi
969 1983 1189 2062 persuaserim.
1235 1980 1295 2048 Oe-

166 2107 268 2166 terum
291 2101 386 2167 simili
409 2100 503 2166 modo
525 2101 755 2167 coniunctivum
779 2103 852 2180 post
873 2103 1096 2185 ‚,quemquam“
1120 2101 1294 2167 adhibitum

166 2220 310 2296 videmus
332 2218 416 2301 apud
439 2217 629 2297 Ciceronem,
651 2225 687 2283 ut
708 2218 741 2284 in
762 2219 861 2284 Bruto
884 2218 913 2298 2,
935 2220 970 2286 8:
992 2220 1055 2299 „ita
1076 2224 1199 2286 nosmet
1217 2219 1295 2300 ipsis

167 2339 288 2416 accidit
304 2343 355 2417 ut,
377 2337 807 2420 quamqunnessencmutto
827 2339 926 2420 magis
945 2339 1006 2404 alia
1020 2337 1167 2421 lugenda,
1190 2345 1295 2404 tamen

129 2517 139 2534 .
168 2458 228 2526 hoc
250 2456 456 2528 dolerenam-
500 2457 561 2524 Hic
582 2474 706 2540 quoque
727 2473 784 2537 per
804 2457 1031 2528 attractionem
1045 2459 1295 2539 quandam-con·

168 2576 323 2642 iunctirus
345 2579 490 2657 „essend‘
512 2575 635 2657 positus
658 2580 722 2651 est3
743 2576 954 2660 ¹Draeqerns')
975 2579 1081 2648 minus
1104 2583 1175 2658 apte
1189 2577 1296 2660 :expli-

168 2701 233 2764 cat:
254 2700 360 2774 aptum
383 2713 453 2761 esse
476 2676 561 2760 hunr'
581 2694 707 2760 modum
728 2713 767 2760 ex
788 2713 827 2762 eo
851 2697 1024 2776 enuntiato,
1046 2695 1128 2778 quod
1151 2697 1190 2761 ab
1215 2699 1295 2777 „ut“

153 2812 387 2882 coniunctione
409 2812 552 2894 pendeat.
716 2895 721 2906 ἱ

584 3087 597 3174 ,·
691 3076 772 3161 su·
903 3099 906 3106 ·

617 3219 760 3316 ¹diuo
777 3229 812 3300 d.
877 3309 879 3314 ,

255 3390 451 3474 Quamquam
474 3391 514 3457 de
532 3392 711 3461 causalibus
733 3393 1005 3464 coniunctionibus
1028 3396 1105 3460 haec
1126 3394 1295 3476 disputatio

155 3491 247 3577 ‘mihi
270 3516 415 3593 suscepta
437 3519 498 3591 est,
525 3511 684 3578 tamenin
716 3514 838 3595 „quod‘
864 3513 1084 3582 coniunctione
1116 3513 1295 3578 universum

47 3678 58 3696 .
167 3629 254 3700 eius,
275 3630 502 3704 coniunctionis
535 3650 626 3702 usum
655 3631 732 3697 mihi
757 3632 984 3699 illustrandum
1012 3640 1097 3716 puto·
1141 3632 1297 3714 Persaepe

167 3748 251 3814 enim
274 3749 393 3832 „quod‘
415 3748 459 3814 ita
480 3751 616 3831 ponitur,
638 3754 682 3830 nt,
706 3757 810 3814 utrum
834 3751 961 3817 causale
978 3752 1021 3820 sit
1042 3769 1147 3831 neone,
1165 3771 1232 3820 ‚non
1252 3754 1296 3818 ita

96 3913 105 3932 .
167 3867 257 3946 iacile
280 3868 444 3938 diiudicari
462 3851 570 3949 possit.
614 3868 659 3934 Ac
681 3867 815 3948 primum
836 3867 875 3934 de
892 3870 961 3950 ipsa
983 3870 1211 3952 coniunctione,
1230 3880 1295 3938 tum

169 3985 209 4082 de
233 3985 335 4051 modis
357 3986 526 4081 eiadditis
549 4005 647 4084 agam.

169 4085 575 4112 ——u—nq———n-

238 4135 337 4193 ¹1mc.
355 4137 429 4208 Synt
448 4138 483 4206 11,
499 4153 526 4208 p.
544 4140 604 4194 738.
674 4187 678 4198 .
