2898 4518
55 336 61 453 Ι
577 256 581 266 ’
703 383 717 410 0
973 253 1253 370 '''m

27 456 64 619 Ι
119 477 257 560 positum
280 481 337 542 est.
381 473 432 539 Sia
455 445 514 553 Vi,
543 475 577 551 2,
604 474 639 538 12
667 473 817 554 „Proprie
843 477 947 538 tumen
971 471 1048 536 mihi
1071 471 1166 536 huius
1189 490 1247 536 no-

27 583 42 626 *
121 597 215 662 minis
238 579 576 676 exprim'enda'notura
598 597 659 669 est,
681 597 836 675 quatenus
864 591 1075 676 appellatione
1097 591 1167 671 ipsa
1188 608 1252 658 nun

27 704 41 744 ‘²'
120 715 197 780 satis
221 711 391 794 significari
412 711 564 775 videtur.“

207 805 750 909 mmnnmmmm.

206 953 244 1017 In
266 949 450 1016 transitione
466 947 507 1012 ad
528 959 641 1012 novum
660 947 763 1012 locum
780 949 954 1029 invenimus
979 950 1171 1030 ,quatenus“
1197 949 1253 1032 IV,

27 1045 51 1104 33*
122 1074 149 1150 2,
172 1074 214 1136 66
239 1051 300 1151 ,nl
321 1075 476 1151 quatenus
499 1067 594 1132 etiam
620 1066 699 1132 sorte
732 1067 865 1168 quadam
888 1069 1089 1148 pervenimus
1108 1069 1147 1133 ad
1170 1067 1252 1132 diffi-

27 1183 50 1237 *3
121 1191 211 1256 cilius
235 1189 448 1254 narrationum
471 1201 579 1267 genus,
601 1157 671 1266 ianr
687 1185 728 1251 de
749 1187 788 1251 iis
809 1185 990 1267 loquamur,
1010 1187 1044 1252 in
1064 1189 1179 1270 quibus
1201 1206 1252 1254 res

29 1315 33 1340 ‘
120 1315 310 1376 contramos
333 1306 410 1372 erit“
678 1283 682 1288 ⁵

27 1421 30 1428 ’
208 1427 248 1490 ad
272 1423 520 1506 degressionem:
543 1422 648 1504 bqr,
671 1427 706 1487 81
737 1425 796 1504 ,nt
818 1429 969 1506 quatenus
993 1425 1055 1489 buc
1076 1413 1251 1505 incidimus,

121 1545 217 1627 paulo
241 1545 313 1627 plus
336 1545 451 1610 scholis
474 1543 664 1606 demus“...
747 1601 752 1610 ,
959 1542 968 1552 '

207 1666 241 1746 2)
286 1663 415 1743 Semper
442 1661 525 1742 apud
550 1660 777 1736 Quintilianum
804 1663 1092 1744 indicativuspost
1122 1672 1252 1746 „quate-

121 1787 199 1849 nus“
227 1781 348 1862 legitur,
372 1781 445 1863 quia
466 1797 624 1882 nunquam
647 1782 681 1845 in
704 1781 846 1846 oratione
869 1781 996 1864 obliqua
1018 1789 1127 1849 exstat.
1151 1821 1193 1831 —

656 1966 727 2048 Μ

581 2089 788 2180 Siquidem.

212 2257 242 2338 1)
290 2254 487 2336 „Siquidem“
520 2273 627 2337 ,wenn
646 2257 697 2338 ja“
724 2274 832 2337 „wenn
854 2257 1008 2322 ntmlich“
1034 2255 1124 2341 (εἴγε,
1146 2259 1254 2344 εἴπερ)

121 2377 183 2441 iam
196 2375 279 2454 apud
293 2373 474 2472 Ciceronem
486 2375 615 2455 perinde
626 2381 719 2455 atque
743 2351 927 2456 „quoniam
951 2376 1111 2442 invenitur
1129 2397 1255 2447 cansam

123 2495 270 2560 omnibus
294 2498 399 2558 notam
423 2491 607 2572 significans.
653 2493 746 2574 Apud
770 2493 996 2571 Quintilianum
1015 2497 1130 2577 legitur
1146 2498 1254 2564 novies

123 2613 237 2678 decies
282 2612 347 2677 Sic:
369 2610 423 2690 VI,
438 2615 464 2689 3,
483 2613 524 2676 64
544 2612 610 2692 ,Ex
629 2615 784 2679 contrario
807 2633 870 2680 non
890 2583 953 2680 ursa
969 2616 1098 2696 speeies.
1143 2616 1255 2698 Neque

123 2732 207 2796 enim
232 2731 339 2796 eodem
365 2729 456 2794 modo
480 2729 559 2794 ditrit
581 2732 742 2815 Augustus
766 2731 930 2813 praelecto,
954 2752 1046 2815 quem
1069 2753 1141 2800 cum
1165 2736 1256 2816 igno·

124 2851 220 2915 minia
243 2849 401 2928 mittebat,
430 2847 565 2912 subinde
592 2849 803 2931 interponenti
832 2851 977 2930 precibus
1002 2853 1098 2934 „quid
1121 2872 1255 2934 respon-

122 2970 204 3034 debo
228 2969 310 3048 patri
333 2968 446 3032 meo“‘l
471 2966 541 3047 ,dio
564 2941 614 3032 me
637 2969 696 3032 tibi
719 2968 947 3050 displicuisse“,
971 2989 1031 3052 quo
1057 2971 1158 3037 Galba
1181 2992 1257 3053 pae-

127 3087 234 3152 nulam
258 3088 396 3168 roganti:
420 3106 501 3174 ,non
523 3105 652 3168 possum
675 3090 888 3168 commodare,
912 3089 996 3153 domi
1020 3093 1162 3171 maneo“,
1185 3109 1256 3156 eum

124 3205 307 3270 cenaculum
326 3207 394 3272 eius
412 3206 597 3286 perplueret
644 3207 783 3271 Tertium
807 3208 909 3272 adhue
928 3208 1016 3288 illud,
1039 3210 1205 3291 siquidem,
1223 3187 1265 3276 ut’

29 3405 30 3408 Ἴ
124 3342 165 3388 ne
193 3328 351 3388 auctorem
380 3309 509 3404 ponam,
536 3324 722 3390 verecundia
744 3325 844 3406 ipsius
869 3327 955 3393 lacit:
981 3329 1200 3408 „libidinosior
1224 3349 1257 3406 es

125 3460 218 3522 quam
252 3442 336 3508 ullus
368 3443 568 3523 spado“....
590 3444 728 3511 ·Verbis
761 3464 779 3510 a
815 3446 1007 3527 ,siquidem“
1043 3449 1256 3528 pendentibus

28 3643 29 3656 ,
125 3577 252 3626 eausam
276 3561 366 3626 affert
387 3560 608 3642 Quintilianus,
631 3583 694 3644 cur,
718 3565 869 3631 cumillis
888 3566 1027 3633 iocorum
1048 3569 1258 3636 nominaverit

28 3661 29 3726 i
126 3685 278 3760 auctores,
301 3683 352 3746 hie
373 3687 496 3748 tantum
520 3683 649 3766 dixerit:
674 3684 804 3764 „illud“.
1001 3737 1019 3762 ,

27 3861 28 3887 ,
209 3783 1258 3893 moqmmmmmmmdmama

27 3897 28 3926 ²
128 3913 1256 4013 mummamummmwmfflmmq

128 4041 204 4119 1133
225 4037 262 4118 X,
286 4041 314 4117 7,
338 4044 371 4117 2;
395 4044 422 4119 7,
446 4043 502 4123 273
525 4041 579 4122 XI,
601 4043 685 4121 3,6;
710 4044 779 4142 XII,
801 4049 830 4128 2,
854 4052 904 4125 21,
927 4051 978 4130 22,
1001 4053 1117 4116 21-

210 4157 243 4236 2)
287 4156 447 4223 Interdum
462 4185 464 4190 ·
477 4168 550 4243 post
578 4163 772 4244 „siquidem“
802 4169 971 4250 scriptores
998 4170 1166 4253 praecipue
1199 4189 1258 4252 po·

228 4275 244 4326 a
