2898 4518
228 420 391 490 'Halmius
413 420 446 486 in
468 419 668 486 adnotatione
688 374 1009 486 audierimus-uret
1030 419 1158 496 „sideo“
1180 421 1211 485 in
1231 419 1286 486 illo

159 545 307 623 corrupto
330 559 418 620 „cum
442 544 507 607 eo“.
529 575 571 586 —
601 539 644 606 Et
664 539 804 621 proiecto
826 539 973 620 verbum,
1001 556 1039 604 en
1060 557 1121 621 quo
1151 538 1287 621 pendeat

160 660 371 726 enuntiatum:
407 677 515 742 ‚duem
550 658 747 742 iurgantibus
780 658 873 728 etiam
906 656 1098 724 mulierculis
1130 655 1287 740 superitu-

45 851 48 858 ,
160 781 231 844 ere“
274 777 486 844 desideretur.
541 776 631 855 Quod
675 781 780 842 utrum
818 775 915 842 fuerit
953 776 1079 857 „video‘
1118 794 1157 844 an
1186 776 1287 856 „scio“

160 917 199 962 an
237 896 322 963 aliud
356 896 460 962 simile
498 893 666 976 disceptari
705 912 768 960 non
802 899 914 976 potest.
969 893 1034 960 Sed
1069 893 1174 968 minus
1212 912 1286 976 pro·

161 1015 265 1081 babile
308 1014 385 1078 mihi
407 1013 553 1079 ‘ridetur
599 1014 730 1079 verbum
776 1012 905 1092 ‚,video“
959 1013 991 1077 in
1041 1012 1095 1078 illo
1138 1017 1286 1094 corrupto

133 1151 249 1214 .„cum
277 1135 334 1198 eo“
355 1131 469 1211 latere,
490 1150 583 1214 quam
612 1125 715 1213 ipsum
737 1131 816 1197 illud
844 1131 974 1198 verbum
1006 1130 1168 1211 excidisse,
1190 1149 1282 1211 proe-

160 1251 268 1318 sertim
308 1267 378 1318 cum
416 1250 476 1317 hoe
506 1250 575 1316 loco
614 1267 702 1330 „cum
736 1269 772 1314 ee
805 1249 907 1333 quod‘
946 1249 1018 1330 (mit
1054 1227 1120 1314 der⁸
1143 1249 1286 1314 Beriick·

159 1369 623 1452 sichtigung,Einsehriinkung
642 1367 728 1446 dass)
752 1370 784 1433 in
803 1367 1027 1433 sententiarum
1049 1373 1192 1432 tenorem
1214 1367 1284 1448 pul·
1330 1413 1332 1418 -

160 1487 315 1555 cherrime
343 1486 482 1570 quadret
527 1485 738 1564 Quintilianus
761 1488 852 1565 enim,
887 1493 1050 1568 postquam
1078 1503 1149 1552 sese
1180 1485 1288 1551 mirari

159 1625 317 1691 nunquam
344 1605 463 1672 fortuiti
493 1606 646 1672 sermonis
676 1611 852 1673 contextum
875 1604 967 1684 dixit,
994 1605 1064 1704 hoc·
1083 1604 1288 1670 enuntiatoa

158 1743 249 1806 „cum
272 1743 308 1790 eo
330 1724 433 1808 quod‘
456 1723 613 1806 pendente
635 1723 768 1790 orationi
790 1723 972 1791 moderatur
995 1728 1027 1789 et
1049 1722 1201 1800 concedit,
1223 1721 1287 1786 fre-

159 1849 300 1928 quenter,
322 1843 350 1908 si
372 1844 457 1908 calor
472 1860 508 1908 ac
524 1843 654 1938 spiritns
671 1843 787 1922 tulerit,
809 1860 915 1908 euram
937 1840 1083 1922 consequi
1104 1858 1166 1906 non
1190 1858 1282 1923 posse

160 1980 339 2050 successum
372 1959 624 2042 extemporalem.
668 1959 746 2026 (lum
780 1978 873 2043 porro
907 1960 1047 2038 duobus,
1077 1977 1155 2041 quos
1185 1977 1282 2040 supra

151 2079 414 2158 commemoravi,
437 2079 513 2145 loeis
534 2098 552 2144 e
572 2078 766 2158 Quintiliano
791 2097 895 2160 „cum
910 2097 947 2144 eo
971 2078 1073 2160 quod‘
1102 2084 1286 2159 usurpatum

160 2199 210 2278 sit,
230 2197 354 2264 Halmio
378 2197 463 2262 nullo
483 2197 574 2262 modo
597 2215 729 2290 prorsus
748 2198 912 2276 assentior,
935 2196 991 2263 sed
1010 2197 1042 2261 in
1060 2195 1193 2262 lectione
1214 2196 1283 2262 vul·

159 2323 239 2397 gata,
261 2332 342 2398 quae
362 2316 508 2398 praebet:
529 2333 639 2397 „quem
661 2315 680 2380 i.
705 2334 730 2382 e.
749 2335 787 2381 m.
811 2313 1004 2396 superfluere
1026 2315 1125 2392 video,
1147 2332 1217 2380 cum
1242 2332 1279 2378 eo

159 2432 252 2516 quod,
274 2433 378 2500 si...“
402 2434 662 2516 acquiescendum
685 2451 755 2502 esse
777 2450 901 2500 censeo.

245 2585 349 2665 „Erd‘z
371 2585 410 2665 11,
437 2590 485 2666 17,
507 2587 548 2650 30
570 2585 729 2664 „Plurima
750 2604 823 2652 uero
841 2603 878 2650 ex
900 2586 959 2650 hoc
977 2590 1085 2651 contra
1106 2583 1285 2651 rhetoricen

159 2703 313 2769 cavillatio
335 2709 393 2784 est,
416 2704 499 2786 qudd
522 2723 560 2770 ex
581 2712 713 2786 uuaque
736 2722 848 2770 causae
870 2709 961 2786 parte
985 2704 1131 2769 dicaturf‘

244 2837 1285 2920 mmomwawwmmwn

159 2933 588 3041 2;Mfflmmw5.

246 3094 357 3175 „inde
379 3095 506 3178 quod‘t
529 3101 564 3159 ut
585 3094 646 3160 hoc
667 3093 807 3173 adiciam,
830 3093 950 3158 inveni:
972 3092 1016 3173 lll,
1036 3094 1067 3174 2,
1090 3098 1109 3158 2
1133 3057 1218 3173 „Nec
1239 3090 1286 3157 vi·

159 3211 233 3290 deo,
256 3231 352 3295 quare
374 3230 480 3277 euram
503 3210 626 3278 dicundi
649 3215 761 3294 putent
782 3212 908 3293 quidam
937 3210 1010 3277 inde
1032 3211 1181 3293 coepisse,
1202 3210 1285 3294 quod

158 3321 272 3413 ii,'qui
295 3331 327 3395 in
350 3330 516 3396 discrimen
539 3329 665 3413 aliquod
687 3330 895 3414 rumpantur,
924 3331 1097 3396 accuratius
1120 3329 1203 3412 loqui
1226 3329 1281 3394 de-

158 3448 304 3514 fendendi
326 3449 377 3514 sui
399 3449 499 3532 gretia
521 3448 743 3514 instituerint.“

244 3598 337 3690 ‚‚ln‘·‘:
359 3598 391 3680 ll,
409 3601 438 3678 6,
464 3604 476 3662 l
503 3599 595 3679 „Fuit
617 3600 711 3665 etiem
724 3599 756 3662 in
775 3600 836 3664 hoc
853 3597 1009 3665 diuersum
1028 3597 1285 3680 praecipientium

159 3715 364 3800 propositum,
386 3715 468 3798 quod
491 3735 597 3782 eorum
621 3716 747 3799 quidam
771 3722 836 3782 mat
837 3715 933 3795 enias,
955 3734 1034 3803 quas
1062 3707 1222 3798 discipulis
1242 3716 1285 3781 ud

155 3833 327 3901 dicendum
340 3833 467 3913 debant,
489 3852 550 3900 non
562 3835 701 3902 contenti
718 3834 872 3902 divisione
884 3833 1020 3915 dirigere
1039 3833 1134 3902 latius
1154 3832 1286 3966 dicendo

159 3952 513 4036 prosequebantur‘...

245 4081 1335 4170 umumcmmmnmmmmo
