2898 4518
1250 307 1291 369 47

252 474 319 554 „Ut
341 473 377 537 in
402 475 513 554 quast:
537 473 574 549 X,
601 474 699 550 1,55.
1297 543 1302 554 ,

250 593 327 659 Post
353 598 406 671 „ut
427 591 499 674 qui“
524 590 642 670 Cicero,
665 592 748 673 apud
769 609 862 673 quem
886 597 941 673 „ut
963 590 1035 673 qui“
1060 593 1184 657 omnino
1203 593 1290 659 inve-

162 713 226 778 niri
255 719 348 794 negat
370 711 594 793 Kiihnastiuffl)
623 728 756 791 eumque
791 717 916 776 secutus
944 710 1142 793 Reussius²)‚
1165 730 1292 793 semper

162 831 394 896 coniunctivum
419 830 562 910 posuitssj,
585 834 713 910 excepto
732 847 794 894 uno
812 829 879 894 loco
903 835 1065 910 corrupto:
1086 831 1127 922 ad
1149 831 1212 895 Att.
1236 831 1290 912 IV,

166 951 215 1027 16,
245 953 278 1012 6:
310 956 363 1027 „ut
391 950 444 1031 qui
469 984 508 994 -
532 949 592 1014 iam
615 948 915 1029 intellegebamus“;
942 948 973 1013 id
1001 949 1085 1032 quod
1108 948 1146 1012 de
1168 948 1292 1027 Quinti·

163 1067 242 1132 liani
264 1085 387 1149 quoque
408 1085 467 1132 usu
490 1067 653 1130 dicendum
679 1074 735 1131 est.
780 1065 860 1131 Nam
889 1084 951 1133 uno
974 1067 1040 1133 loco
1064 1073 1225 1148 suspecto:
1254 1067 1293 1150 X,
1330 1083 1347 1138 Ν,

167 1191 199 1262 1,
229 1188 270 1249 74
300 1185 539 1266 „Theopompus
568 1185 617 1250 his
646 1187 807 1266 proximus
836 1187 929 1249 utin
958 1186 1091 1252 historia
1122 1187 1291 1268 praedictis

165 1305 275 1382 minor,
298 1305 341 1367 ita
364 1304 481 1369 oratori
505 1303 604 1385 magis
627 1304 755 1382 similis,
778 1309 811 1368 ut
828 1306 897 1385 qui,
919 1309 1086 1386 antequam
1109 1305 1213 1370 estad
1232 1307 1304 1390 hoc,

165 1441 245 1503 opus
275 1422 476 1500 sollicitatus,
505 1423 559 1486 diu
585 1421 679 1487 fuerit
708 1425 831 1488 orator“
855 1442 924 1488 cum
951 1422 1125 1490 editoribus
1155 1423 1286 1504 „suerit“

163 1540 332 1621 legendum
357 1559 435 1618 esse,
458 1541 540 1628 quod
565 1542 693 1621 praebet
715 1542 781 1606 cod.
800 1539 830 1621 S,
854 1560 909 1622 pro
931 1541 1044 1607 vitiosa
1059 1542 1198 1607 codicum
1223 1541 1287 1606 GM

166 1661 323 1740 scriptura
347 1663 445 1739 „est“,
468 1678 559 1724 nemo
583 1678 643 1724 non
668 1659 762 1723 videt.
962 1637 964 1642 ¹
1323 1638 1325 1642 ¹

171 3924 580 3944 m

243 3975 265 4038 1)
284 3975 340 4031 Liv.
360 3975 434 4042 Synt.
453 3991 478 4042 p.
498 3977 558 4030 270.
604 4001 606 4006 ·

240 4060 264 4121 ²)
284 4060 410 4114 Reussius
428 4059 447 4113 l.
466 4060 483 4112 l.
501 4075 526 4126 p.
545 4061 587 4114 42.

242 4147 263 4212 ³)
283 4144 314 4198 οἱ.
332 4145 499 4213 Draegerum
515 4143 583 4199 Hist
602 4145 676 4214 Synt.
695 4144 767 4213 1111.
786 4146 844 4198 509.
