2898 4518
177 221 217 254 co

158 279 202 351 30

247 454 405 537 „Adicio
429 454 548 538 quod“
574 460 681 537 quater
703 451 834 538 legitur:
858 453 898 535 ΙΙ,
919 455 965 536 11,
982 456 1023 521 40
1049 455 1217 538 ,Adiciunt
1233 455 1284 523 his

160 574 213 658 qui
235 579 343 641 contra
365 574 513 658 sentiunt,
531 573 611 656 quod
630 593 733 656 saepe,
755 574 879 656 quaein
897 575 969 641 aliis
986 575 1096 641 litibus
1118 577 1282 658 impugna·
1311 605 1317 617 ·

159 699 233 760 runt
254 700 375 760 actores
398 711 571 774 causarum,
593 692 711 780 eadem
725 694 757 758 in
781 693 851 760 aliis
874 693 1070 760 ostentante

245 811 270 892 1,
293 815 322 892 5,
344 811 454 894 73x1,
480 816 506 890 l,
530 812 583 892 923
606 811 674 891 llll,
697 814 726 892 1,
748 813 857 878 25.-

245 930 361 997 Gontro
385 929 621 1012 ,adicio-ut“
646 926 787 1012 usurpat,
809 950 878 996 cum
898 949 960 995 non
979 930 1045 996 vult
1067 931 1282 997 demonstrare

159 1068 226 1115 rem
247 1069 320 1114 vere
341 1048 445 1114 locum
468 1049 595 1127 habore,
618 1049 672 1114 sed
695 1049 787 1114 finem
811 1051 963 1132 quendam
992 1049 1094 1115 inesse
1121 1051 1153 1114 in
1186 1066 1282 1116 eruun-

159 1167 236 1234 ticto
259 1165 455 1248 secundario,
478 1174 513 1234 ut
534 1166 587 1247 IV,
615 1174 639 1246 1,
663 1170 718 1232 52:
744 1167 863 1248 ,-hoc
885 1169 993 1247 adicio,
1015 1175 1051 1234 ut
1071 1169 1212 1235 dicturus
1234 1171 1280 1234 in·

158 1286 415 1352 tumtur...-

244 1403 277 1486 d)
323 1403 452 1486 ,Quom
477 1411 550 1486 post
572 1405 669 1470 verba'
692 1404 914 1486 praetereundi
939 1414 987 1470 ter
1008 1405 1136 1487 legitur:

246 1522 435 1604 „Transeo
458 1523 574 1607 quod“
600 1525 624 1603 l,
651 1526 698 1602 10,
725 1526 760 1588 11
786 1523 1132 1604 ,Τταηεθωηυείςὶῐυῐ
1148 1525 1181 1590 id
1204 1545 1279 1609 quo-

158 1663 228 1729 que,
250 1644 333 1728 quod
362 1645 563 1726 grammatice
591 1642 747 1726 quondam
771 1662 805 1708 ac
828 1644 945 1709 musice
973 1645 1096 1709 iunctae
1125 1643 1276 1709 luerunt.“

157 1765 237 1833 ltcm
259 1766 283 1848 I,
310 1767 356 1844 10,
378 1765 434 1828 48¹:
466 1761 555 1844 ,Sint
577 1769 663 1828 extra
690 1763 762 1828 licet
785 1781 861 1828 usus
883 1763 987 1827 bellici
1014 1769 1279 1846 transeamusque,

158 1885 240 1968 quod
269 1884 473 1950 Archimedes
505 1901 587 1948 unus
615 1882 809 1948 obsidionem
839 1881 1062 1965 Syracusarum
1090 1883 1122 1945 in
1157 1883 1279 1965 longius

158 2003 279 2071 traxit“

172 2099 176 2108 ³
245 2120 521 2202 ,1111101101ί
546 2119 642 2185 semel
665 2120 813 2201 legimus:
842 2119 902 2198 Xl,
930 2123 965 2199 2,
987 2122 1028 2184 25
1053 2120 1174 2200 ,Mitto,
1196 2119 1280 2201 quod

158 2239 309 2323 quaedum
337 2239 432 2304 nullis
460 2238 633 2304 simulacris
663 2236 835 2320 significari
865 2245 1011 2318 possunt,
1045 2243 1079 2302 ut
1101 2245 1183 2303 certe
1204 2257 1280 2302 con-

157 2359 360 2425 iunctiones.“
980 2443 983 2450 Δ

169 2549 173 2556 ,
242 2479 271 2558 e)
318 2475 445 2557 ,Quod“
475 2482 547 2556 post
573 2476 703 2541 uerbum
736 2475 851 2556 ,facic“
885 2493 953 2538 cum
982 2475 1130 2541 adverbio
1160 2476 1208 2541 his
1230 2477 1278 2540 in·

155 2579 271 2680 deniq:
294 2595 349 2676 IV,
375 2600 401 2674 1,
425 2599 442 2658 3
468 2600 613 2675 „——eerte
637 2595 831 2675 prooemium
854 2599 912 2674 est,
934 2593 1017 2675 quod
1041 2595 1122 2674 apud
1145 2592 1278 2659 iudicem

156 2713 216 2780 dici
240 2714 328 2797 prius
351 2733 443 2797 quam
466 2732 591 2778 causum
615 2715 797 2796 cognoverit
819 2713 928 2796 prosit,
950 2712 1124 2793 vitioseque
1141 2714 1172 2776 in
1189 2713 1280 2778 scho-

156 2832 196 2900 lis
217 2831 363 2913 iacimus,
393 2832 477 2915 quod
501 2833 626 2898 exordio
657 2850 780 2914 semper
802 2832 848 2897 sic
877 2830 1009 2910 utimur,
1037 2831 1126 2912 quasi
1154 2849 1278 2896 causam

155 2951 248 3018 iudex
263 2951 325 3017 iam
347 2951 498 3017 noverit“
545 2948 598 3029 lll,
622 2950 650 3027 3,
675 2952 708 3013 91
741 2967 871 3030 ,—cum
896 2949 973 3014 mihi
996 2950 1135 3015 comoedi
1157 2963 1298 3032 quoque.

155 3054 290 3153 uessime
311 3069 413 3136 facere
438 3069 619 3145 videantur,
643 3069 740 3150 quod,
768 3068 891 3134 etiamsi
913 3069 1054 3134 iuvenem
1080 3074 1279 3152 agentern

155 3194 260 3256 mmen
282 3188 315 3253 in
338 3190 530 3270 expositione
552 3196 607 3254 aut
629 3188 714 3255 senis
736 3206 846 3266 sermo,
869 3193 905 3253 ut
925 3188 956 3252 in
980 3187 1118 3271 Hydriae
1140 3188 1280 3268 prologo,

155 3312 212 3375 aut
234 3307 384 3388 mulieris,
406 3294 442 3373 ut
457 3309 489 3372 in
504 3309 640 3388 Georgo,
659 3307 776 3384 incidit,
801 3306 934 3371 tremula
951 3306 1000 3372 vel
1017 3306 1192 3372 effeminata
1207 3324 1281 3372 voce

156 3428 388 3511 pronuntiant?
414 3463 453 3475 -

238 3545 267 3627 1)
311 3545 387 3611 Post
410 3546 506 3611 verba
528 3544 684 3612 sentiendi
709 3562 744 3608 uc
769 3543 948 3608 declarandi
964 3563 982 3608 a
1000 3543 1203 3625 scriptoribus
1225 3562 1280 3627 po-

154 3664 294 3731 sterioris
317 3664 428 3730 aetatis
450 3664 608 3730 interdum
628 3683 683 3746 pro
702 3664 876 3728 accusativo
895 3680 963 3726 cum
983 3661 1136 3728 infinitivo
1157 3663 1277 3746 ,quod“

155 3787 336 3868 usurpatur,
358 3782 487 3865 eiusque
508 3801 586 3850 usus
609 3781 691 3865 apud
715 3781 940 3858 Quintilianum
965 3782 1116 3846 nonnulla
1138 3783 1281 3863 exempla

153 3905 275 3965 exstare
297 3900 457 3976 videntur:
480 3901 534 3978 VI,
557 3903 586 3980 3,
599 3903 639 3966 83
664 3873 766 3981 ,lllud
786 3916 873 3978 uero,
895 3897 1017 3964 etiamsi
1040 3899 1202 3964 ridiculum
1223 3907 1279 3978 est,

222 4067 244 4131 ¹)
261 4066 406 4132 Enuntiatc
425 4067 515 4138 ,bena
535 4068 605 4121 male
617 4067 656 4138 lit,
674 4065 778 4133 accidit,
793 4065 886 4146 evcnit,
905 4019 1032 4132 (similia)
1049 4096 1083 4105 -
1103 4067 1188 4138 quod‘
1207 4067 1279 4136 apud

123 4161 126 4166 ’
153 4149 346 4227 Quintilianum
364 4166 418 4205 non
435 4145 497 4222 legi.
700 4159 703 4166 ’
