2898 4518
1270 241 1291 312 9

165 417 219 496 ΙΙΙ,
245 421 270 496 Ι,
294 417 313 480 6
341 413 408 494 ,llli
441 419 545 480 autem
566 415 702 496 probant
723 414 946 497 qualecumque
968 414 1102 495 ingressi
1126 421 1201 494 sunt
1224 417 1293 494 iter,

167 555 225 602 nec
248 535 341 602 facile
356 534 527 600 inculcatas
545 535 652 616 pueris
673 534 893 616 persuasiones
913 534 1092 614 mutaveris,
1114 537 1187 617 quia
1203 553 1294 600 nemo

164 675 227 720 non
251 653 397 720 didicisse
419 653 537 719 mauult
557 673 649 737 quam
679 653 829 718 discere“.
874 653 988 720 Verbis
1012 654 1291 737 ,quia-discere“

165 793 218 840 res
245 771 390 838 omnibus
421 771 497 838 satis
527 771 651 854 cognita
680 771 828 851 affertur,
855 791 936 855 quae
965 773 1179 839 difficultatem
1209 772 1294 837 illam

56 887 66 902 “
168 891 308 956 mutandi
330 889 552 971 persuasiones
575 889 680 970 pueris
702 891 873 957 inculcatas
896 891 1044 958 declarat.
1069 929 1108 939 —

251 1008 425 1074 Pompei:
453 1007 476 1087 Ι,
500 1009 529 1086 6,
552 1009 610 1084 40;
645 1008 701 1088 ΙΙΙ,
729 1010 758 1088 8,
782 1011 842 1092 363
877 1008 981 1091 1v‚a‚
1011 1012 1066 1088 86;
1100 1009 1137 1090 V,
1164 1013 1212 1087 10,
1235 1010 1293 1085 793

168 1132 223 1208 12,
245 1129 280 1209 83
313 1126 388 1206 Vll,
411 1127 440 1206 4,
464 1131 519 1204 313
541 1126 633 1204 VIII,
656 1130 691 1206 6,
714 1130 769 1204 753
803 1127 862 1208 IX,
885 1133 919 1209 2,
944 1131 1000 1206 74ς
1033 1130 1067 1210 3,
1091 1132 1146 1206 273
1181 1129 1242 1210 XI,
1265 1129 1294 1209 3,

168 1249 244 1323 1743
264 1244 334 1322 ΙΙΙΙ,
355 1245 385 1325 2,
411 1250 456 1310 ΙΙ.

254 1362 445 1444 ,Quoniam
476 1369 580 1428 autem
615 1363 799 1444 saepissime
826 1383 924 1446 prope
959 1365 1078 1431 accedit
1111 1366 1151 1432 ad
1181 1369 1290 1445 „post-

164 1487 277 1568 quam“
303 1480 530 1547 coniunctionis
553 1500 653 1547 usum.
699 1483 761 1547 Sed
785 1484 879 1549 etiam
902 1485 954 1549 hie
972 1485 1057 1550 haud
1075 1502 1145 1549 raro
1168 1482 1293 1559 Quinti·

167 1604 269 1668 lianus
284 1602 393 1683 „quia“
416 1601 586 1681 usurpavit,
604 1605 656 1665 nt:
671 1601 709 1681 ΙΙ,
732 1604 782 1681 20,
803 1607 840 1666 ΙΟ
865 1603 984 1682 ,Multa
1000 1600 1081 1668 finnt
1098 1603 1214 1680 eadem,
1237 1602 1293 1667 sed

167 1721 265 1786 aliter.
312 1717 473 1784 Sufficiant
492 1718 590 1800 igitur
613 1720 718 1800 haec„
733 1722 805 1801 quia
835 1721 873 1785 de
895 1722 1031 1787 utilitate
1060 1739 1156 1800 supra
1177 1726 1291 1786 tracta·

167 1840 297 1904 vimus⁴‘.

252 1955 331 2021 Item
353 1954 392 2034 ΙΙ,
414 1956 443 2032 4,
466 1959 504 2036 2,
526 1953 579 2034 IV,
602 1955 741 2022 Prooem.
766 1959 798 2034 7;
822 1956 874 2036 Vl,
897 1959 926 2037 4,
950 1957 986 2033 3;
1010 1956 1063 2036 ΙΙΙ,
1086 1957 1114 2034 3,
1141 1957 1190 2021 13.
1263 2015 1266 2018 .

252 2072 389 2138 Perinde
411 2079 504 2156 atque
529 2074 713 2156 ,quoniam“
738 2074 846 2156 posuit
866 2075 1001 2157 scriptor
1022 2075 1133 2158 „quia“
1154 2076 1185 2138 in
1208 2080 1293 2140 tran-

167 2193 281 2259 sitione
303 2192 343 2257 ad
365 2193 460 2256 alium
482 2191 592 2258 locum.
638 2191 703 2258 Sic:
725 2191 781 2271 ΙΙΙ,
804 2197 833 2272 6,
860 2195 920 2258 104
943 2192 1063 2273 ,Nune
1085 2194 1157 2275 quia
1176 2195 1208 2257 in
1233 2194 1293 2258 tria

165 2329 280 2392 genera
301 2328 411 2376 causas
433 2309 536 2387 diuisi,
560 2310 701 2375 ordinem
725 2313 868 2392 sequar“.
913 2309 956 2376 Ol.
979 2312 1032 2391 IX,
1055 2314 1085 2391 4,
1109 2315 1157 2377 79.

251 2429 284 2510 b)
331 2427 462 2507 Saepius
486 2429 597 2509 „quia“
628 2429 709 2506 apud
732 2426 958 2503 Quintilianum
989 2430 1151 2495 enuntiato
1173 2430 1291 2511 princi·

163 2546 226 2628 pali
248 2545 495 2612 additamentum
519 2546 660 2626 adiungit
683 2539 917 2626 explicativum,
940 2548 972 2612 id
996 2548 1079 2629 quod
1104 2549 1290 2629 plerumque

164 2663 200 2731 fit
220 2664 492 2730 coniunctionibus
515 2665 770 2730 coordinantibus
795 2666 917 2746 ,enim“
936 2667 987 2732 uel
1012 2668 1138 2748 „nam“:

217 2833 221 2840 .
248 2782 302 2859 ΙΙΙ,
326 2785 354 2860 7,
382 2784 423 2847 28
456 2783 588 2862 ,Totum
618 2789 721 2847 autem
756 2784 813 2865 (se.
835 2783 1027 2849 laudativum
1056 2785 1169 2866 genus)
1198 2785 1294 2852 habet

162 2901 279 2984 aliquid
302 2901 403 2966 simile
425 2901 590 2979 suasoriis,
620 2901 693 2983 quia
722 2902 907 2983 plerumque
930 2903 1038 2967 eadem
1061 2903 1126 2968 illie
1156 2902 1293 2983 suaderi,

163 3020 213 3084 hic
236 3019 359 3084 laudari
388 3019 520 3085 solent“.
566 3019 618 3099 ΙΙΙ,
638 3021 678 3110 ,8,
700 3021 741 3084 37
768 3020 866 3100 ,Nam
897 3020 1076 3087 consultant
1103 3027 1157 3086 aut
1185 3023 1292 3102 plures

161 3146 216 3205 aut
243 3139 373 3220 singuli,
396 3139 451 3204 sed
479 3139 512 3202 in
541 3139 683 3227 utrisque
712 3138 901 3218 dill'erentia,
929 3141 1002 3220 quia
1030 3146 1061 3204 et
1088 3141 1120 3206 in
1148 3141 1292 3221 pluribus

161 3258 293 3326 multum
316 3258 456 3337 interest,
478 3264 605 3323 senatus
630 3257 670 3322 sit
687 3276 726 3323 an
747 3258 890 3339 populus,
902 3259 1032 3323 Romani
1055 3278 1094 3322 an
1114 3259 1292 3339 Fidenates,
1359 3303 1363 3314 ·

162 3376 272 3440 Graeci
295 3393 336 3439 an
368 3376 510 3442 barbari:
544 3382 576 3441 et
598 3376 631 3439 in
660 3376 806 3456 singulis,
836 3373 944 3441 Catoni
973 3377 1128 3456 petendos
1155 3377 1291 3442 honores

158 3495 346 3574 suadeamus
369 3513 409 3560 an
429 3491 460 3558 O.
484 3493 601 3572 Mario,
632 3494 814 3560 damtione
838 3495 913 3558 belli
938 3493 1041 3575 Scipio
1064 3494 1151 3574 prior
1173 3510 1212 3559 an
1232 3495 1292 3560 Fa·

159 3613 231 3678 bius
253 3613 433 3678 deliberet“.
478 3611 600 3687 Quibus
623 3612 700 3678 locis
723 3613 818 3677 verba
840 3632 859 3676 a
882 3613 993 3694 „quia“
1023 3613 1193 3694 pendentia
1214 3632 1310 3679 ean-¹

10 3723 18 3736 ⁵
79 3806 84 3816 ⁸
159 3749 235 3810 sam,
257 3749 314 3796 eur
327 3730 518 3796 laudativum
542 3748 641 3812 genus
665 3730 767 3795 simile
788 3731 830 3795 sit
848 3731 1007 3810 suasoriis,
1030 3749 1086 3796 cur
1108 3732 1141 3796 in
1164 3732 1290 3797 consul-

158 3850 300 3918 tantibus
323 3849 365 3914 sit
388 3848 578 3925 differentia,
599 3866 662 3913 non
684 3847 832 3929 afferunt,
855 3848 911 3946 sed
934 3850 1078 3930 quaesit
1100 3849 1155 3915 illa
1178 3851 1290 3915 simili-

155 3955 246 4046 uro,
266 3966 323 4031 illa
345 3966 522 4032 differentia
545 3965 710 4046 explicant.

244 4084 408 4150 Similiter:
430 4083 466 4162 V,
492 4088 541 4164 ll,
564 4085 622 4160 30;
646 4082 714 4162 VII,
737 4084 766 4162 8,
792 4087 825 4161 l;
846 4083 899 4164 XI,
925 4091 951 4162 Ι,
974 4085 1024 4150 93.
