2898 4518
1241 239 1298 330 u.

159 417 225 478 tum
249 411 335 497 quod
357 432 419 479 uon
448 410 672 496 cognoscendis
694 412 790 479 rebus
818 411 1027 496 adquieverit3
1054 411 1138 476 idem
1160 412 1194 476 in
1217 412 1284 478 edi·

157 535 243 599 tione
277 553 349 599 sua:
384 509 567 617 tantumque
601 551 663 598 nou
692 532 824 613 cognitis
846 533 899 598 ille
927 532 1023 597 rebus
1053 530 1219 613 adpulerit.
1245 566 1283 578 -

159 653 239 715 Mihi
263 658 363 716 totum
383 652 609 717 sententiarum
627 657 803 717 contextum
821 649 1044 730 contemplanti
1060 649 1194 715 maxime
1209 669 1285 732 pro-

158 771 251 834 batur
274 770 373 846 lectio,
397 787 489 850 quam
512 770 612 833 edidit
632 769 787 845 Halmius
811 769 871 834 etsi
887 787 926 833 ne
949 787 1017 833 eam
1039 768 1166 850 quidem
1188 787 1285 852 genu·

157 889 239 952 inam
276 907 345 953 esse
375 887 449 954 mihi
482 905 664 968 persuasum
692 893 748 952 est.
793 885 864 951 Non
898 887 997 952 dicam
1025 884 1063 951 de
1080 859 1167 953 raro
1199 887 1284 952 illius

160 1013 301 1087 ,tantum
320 1007 422 1088 quod“
450 1007 585 1086 (=,nisi
597 1005 714 1090 quod“)
737 1005 819 1086 apud
836 1005 1005 1086 scriptores
1023 1024 1091 1086 usu,
1114 1025 1185 1072 nam
1201 1007 1285 1088 apud

157 1126 339 1192 Ciceronem
363 1125 460 1190 semel
484 1125 652 1188 invenitur:
676 1123 708 1210 in
733 1123 821 1188 Verr.
844 1123 884 1204 11,
911 1125 977 1207 l,§
1004 1126 1077 1189 116:
1103 1127 1284 1206 „componit

157 1245 291 1310 edictum
316 1244 357 1309 iis
380 1242 500 1323 verbio,
523 1248 559 1307 ut
580 1243 679 1325 quivis
708 1238 886 1324 intellegere
913 1243 1013 1324 possit
1033 1243 1125 1309 unius
1148 1243 1284 1310 hominis

158 1382 252 1430 causa
279 1361 487 1442 conscriptum
510 1379 593 1437 esse,
621 1366 741 1426 tantum
770 1361 852 1441 quod
880 1361 1037 1426 homiuem
1058 1361 1284 1427 nou‘nominat

158 1485 253 1564 (,nur·
275 1481 349 1546 dass
372 1500 407 1545 er
425 1480 484 1544 den
508 1480 604 1544 Manu
626 1481 714 1546 nicht
735 1481 875 1559 nennt“).
920 1479 1033 1544 Totum
1056 1484 1159 1544 autem
1182 1500 1280 1545 enun-

157 1600 285 1678 tiatum,
313 1618 422 1664 nouam
458 1600 644 1664 sententiam
667 1599 882 1676 introducens
915 1617 972 1680 per
1007 1603 1146 1680 ,tantum
1177 1601 1279 1682 quod⁴⁴

155 1720 241 1784 haud
258 1721 308 1783 ita
331 1719 411 1782 bene
434 1737 583 1783 conexum
608 1715 678 1783 esse
699 1736 768 1782 cum
794 1718 846 1795 iis,
866 1736 946 1800 quae
967 1718 1165 1799 praecedunt,
1187 1738 1281 1801 appa-

155 1846 212 1902 ret.
257 1838 325 1902 Hoc
353 1856 476 1919 quoque
499 1837 731 1902 concedendum
755 1845 804 1901 est
828 1839 928 1917 ,non“
953 1839 1149 1919 negationem
1171 1857 1282 1920 parum

155 1965 227 2038 apte
261 1976 331 2022 esse
365 1956 556 2035 collocatum,
585 1974 663 2038 quae
702 1961 773 2021 ante
807 1957 935 2022 verbum
961 1957 1186 2039 ,acquieverit“
1221 1976 1280 2040 po·

155 2077 218 2141 tius
252 2074 397 2157 ponenda
425 2074 492 2140 fuit.
536 2074 645 2156 ltaque
667 2093 798 2156 prorsus
825 2084 942 2140 certum
966 2076 1042 2141 mihi
1069 2094 1131 2142 non
1148 2076 1280 2155 videtur,

155 2213 174 2260 a
196 2194 388 2271 Quintiliano
415 2201 554 2272 ,tautum
576 2194 676 2275 quod‘
703 2203 887 2276 usurpatum
910 2213 993 2270 esse,
1016 2195 1072 2261 sed
1099 2214 1179 2274 cum,
1201 2212 1279 2278 quo·

157 2314 252 2379 modo
274 2309 381 2378 sanari
404 2313 505 2391 possit
527 2310 614 2377 locus
636 2313 773 2395 graviter
795 2321 969 2395 corruptus,
991 2313 1094 2379 adhuc
1111 2332 1174 2379 non
1196 2315 1283 2380 inve·

155 2434 265 2512 nerim,
288 2413 407 2497 Halmii
429 2431 676 2497 emendationem
700 2432 788 2515 sequi
810 2433 961 2514 optimum
984 2450 1054 2498 esse
1077 2433 1165 2498 duco.

242 2552 428 2632 ,Excepto
462 2553 578 2635 quod“
614 2551 712 2618 semel
744 2553 777 2615 in
811 2551 995 2628 Quintiliani
1027 2551 1117 2618 libris
1150 2552 1282 2634 legitur:

152 2671 210 2748 lll,
246 2672 281 2749 4,
316 2672 355 2734 79
392 2671 561 2752 „Equidem
597 2668 779 2735 Ciceronem
817 2688 928 2752 sequar
961 2671 1046 2754 (nam
1078 2671 1106 2738 is
1139 2671 1281 2736 eminen-

155 2788 294 2854 tissimos
319 2789 508 2854 Graecorum
533 2794 581 2854 est
603 2790 757 2868 secutus),
784 2798 912 2870 excepto
934 2790 1018 2874 quod
1040 2807 1095 2871 pes
1124 2791 1200 2857 mihi
1222 2791 1280 2856 tris

155 2906 292 2990 syllabas
315 2926 377 2972 non
392 2908 515 2975 videtur
536 2908 694 2987 excedere,
717 2925 903 2989 quamquam
916 2908 969 2972 ille
987 2925 1103 2988 paeane
1120 2909 1281 2975 dochmio·

153 3043 223 3110 que,
246 3045 380 3107 quornm
404 3026 489 3106 prior
506 3026 539 3090 in
560 3032 717 3108 quattuor,
740 3027 897 3094 secundus
920 3028 953 3092 in
977 3027 1115 3109 quinque
1137 3027 1281 3109 excurrit,

153 3147 287 3210 utatur.“
311 3182 353 3191 —

241 3266 268 3344 c)
319 3263 448 3342 ,Quod‘
473 3271 546 3346 post
568 3264 678 3329 verba:
705 3264 875 3344 ,accedit“,
900 3264 1031 3347 ,addo“,
1056 3265 1205 3345 „adicio“.

243 3382 430 3463 ,Accedit
452 3383 572 3464 quod‘
596 3392 707 3464 quater
727 3384 899 3449 invenitur:
927 3382 968 3464 ΙΙ,
993 3385 1048 3464 12,
1070 3386 1089 3449 6
1111 3385 1170 3449 His
1191 3400 1279 3448 acce·

155 3500 210 3582 dit,
233 3503 316 3585 quod
339 3521 357 3565 a
379 3520 453 3566 cura
475 3501 606 3568 docendi
628 3504 712 3584 quod
733 3501 925 3568 intenderint
945 3502 1122 3568 recedunt.“

242 3619 294 3698 VI,
318 3622 347 3701 3,
373 3623 426 3700 14;
450 3621 536 3720 Vlll,
559 3627 587 3702 5,
612 3624 668 3700 303
690 3621 774 3703 VllI,
797 3625 825 3700 6,
848 3623 898 3686 58.
922 3657 961 3667 -

245 3739 373 3819 ,Addo
399 3740 518 3821 quod“
549 3739 706 3806 invenitur
727 3741 858 3822 septies:
883 3739 913 3818 l,
935 3741 971 3820 2,
999 3741 1037 3803 21
1065 3738 1174 3819 ,Adde
1195 3739 1279 3822 quod
1306 3779 1308 3784 ,

156 3857 241 3924 domi
263 3875 301 3924 en
323 3855 392 3923 sola
413 3858 533 3925 discere
554 3865 667 3941 potest,
689 3877 769 3942 quoe
779 3858 840 3940 ipsi
862 3858 1099 3941 praecipientur,
1121 3859 1154 3924 in
1173 3858 1279 3923 schola

156 3977 247 4042 etiam
271 3995 351 4059 qnae
373 3977 470 4044 eliis.“

239 4096 264 4177 Ι,
287 4097 317 4178 3,
343 4099 396 4177 16;
417 4096 456 4172 Χ,
479 4097 509 4178 2,
534 4099 582 4178 10,
608 4101 654 4176 11,
681 4099 742 4183 123⁴
755 4095 825 4178 XII,
849 4099 876 4175 1,
898 4097 934 4174 4;
960 4097 1008 4177 11,
1030 4097 1081 4160 29.

581 4225 588 4238 ·
1108 4211 1126 4267 t
